3232 5250
696 295 717 358 5

155 472 299 539 Primum
326 473 419 539 enim
449 475 520 559 ejus
555 482 744 571 auctoremgss
758 446 858 555 liris'se
895 468 1003 545 ferunt
1018 556 1021 561 ¹
1035 476 1199 542 Gallinam
1231 476 1338 560 Ephe·
1394 522 1404 549 ‚1

71 589 192 672 sium*)
212 591 305 657 eirea.
322 591 448 675 primae
471 591 679 677 Olympiadis
693 600 850 679 tempora,
875 595 965 678 cujus
985 599 1208 676 unctantem,
1231 612 1337 676 neque
1380 676 1382 680 ι

70 725 111 772 ea
132 706 271 790 integra,
293 713 395 773 restat
418 707 535 792 elegia,
559 730 623 792 qua
645 730 793 776 sermone
815 717 848 777 et
870 712 1052 777 elocutione
1080 731 1182 795 prope
1207 711 1249 776 ad
1273 711 1336 775 Ho-

69 823 224 889 mericam
246 823 423 890 accedente
446 825 534 890 cives
558 824 601 890 ad
613 826 838 893 fortitudinem
850 828 1048 893 exhortatur.
1082 829 1120 893 In
1134 805 1335 911 argumentis

70 940 146 1006 huic
167 941 328 1007 similibus
350 950 521 1010 versantur
542 945 670 1028 elegiae
692 945 837 1030 Tyrtaei‚
861 965 942 1028 quas
955 945 1106 1030 inbelle
1129 951 1204 1028 post
1219 945 1334 1010 eena'm
1418 954 1419 957 ’

71 1059 220 1124 certatim
247 1059 403 1126 recitasse
432 1061 578 1127 feruntur
603 1061 773 1145 Spartani3
806 1061 1019 1127 Archilochus
1050 1080 1127 1126 vere
1161 1062 1243 1126 dura
1276 1061 1337 1128 fati

71 1177 160 1241 mala
180 1182 216 1241 ut
236 1175 376 1242 viriliter
397 1178 615 1262 perpetienda
637 1178 735 1262 canit,
763 1179 811 1244 ita
832 1178 908 1243 vine
932 1179 1127 1244 consolatur.
1182 1178 1249 1244 Sed
1270 1199 1337 1243 nen
1369 1162 1371 1167 ¹

72 1297 130 1375 est,
154 1312 210 1359 cur
231 1299 346 1376 poetas
367 1295 532 1378 elegiacos
556 1295 753 1361 Graecorum
775 1280 996 1379 percenseam,
1020 1316 1099 1386 quos
1122 1316 1181 1379 pre
1194 1273 1336 1361 moribus

71 1408 235 1492 insitoque
257 1409 372 1493 cuique
394 1417 513 1477 natura
530 1411 627 1477 modo
644 1412 793 1479 fortiores
813 1411 910 1495 medo
924 1397 1090 1479 molliores
1106 1412 1207 1478 animi
1222 1406 1336 1481 se’nsus

70 1526 171 1591 variis
193 1525 227 1591 in
247 1527 448 1611 argumentis
470 1528 540 1594 sive
563 1529 769 1612 erepublica
790 1528 860 1595 siv‘e
884 1530 1114 1614 eprivatorum
1136 1529 1205 1596 vita
1223 1528 1336 1612 petitis

71 1640 282 1710 distichorum
302 1643 386 1711 serie
414 1645 578 1711 detexisse
606 1645 765 1711 videmus.
819 1645 911 1712 Unus
940 1653 1050 1712 tamen
1079 1644 1335 1730 praetereundus

69 1760 150 1825 mihi
171 1782 237 1826 nen
260 1761 540 1827 est‘hlimnermus
563 1762 785 1846 Colophonius
815 1763 902 1829 eirea
924 1784 953 1829 a.
977 1765 1041 1829 630
1061 1784 1090 1832 a.
1113 1762 1171 1829 eh.
1198 1784 1240 1846 n.,
1262 1761 1335 1827 tibi·
1365 1849 1367 1854 λ

69 1898 127 1944 cen
151 1876 301 1960 idemque
324 1883 423 1961 poeta
450 1877 615 1961 elegiacos
639 1878 769 1960 (Strabo
789 1879 876 1964 XIV,
899 1901 931 1963 p.
961 1881 1046 1963 643),
1079 1879 1134 1963 qni
1157 1878 1280 1963 primus
1302 1877 1337 1942 in
1423 1936 1431 1952 ,

71 1995 191 2061 amoris
208 1995 351 2065 maxime
372 1995 503 2078 gaudiis
526 1974 755 2080 doloribusque
778 1997 920 2063 molliter
943 2002 975 2063 et
996 1997 1135 2062 dulciter
1154 1996 1336 2080 exprimen-

71 2111 122 2177 dis
144 2119 293 2178 versatus
306 2118 364 2196 est,
386 2118 418 2178 et
441 2132 538 2194 quum
561 2131 694 2177 auream
717 2112 886 2178 celebrans
896 2112 1056 2177 Venerem
1079 2109 1239 2176 advitam
1255 2111 1336 2176 hila-

70 2228 149 2295 riter
170 2229 341 2295 fruendam
363 2231 562 2312 exhertatur,
585 2228 804 2311 querimonias
828 2226 996 2312 admiscet,
1018 2228 1140 2310 quibus.
1152 2226 1334 2310 juventutis

69 2344 263 2413 breuitatem
284 2348 516 2429 molestiasque
537 2344 713 2412 senectutis
733 2344 915 2409 miseratur.
944 2409 945 2412 ,
970 2345 1064 2410 Hunc
1093 2344 1180 2410 enim
1206 2344 1336 2428 potissi-

70 2482 157 2528 mum
177 2463 280 2528 secuti
303 2483 375 2530 esse
388 2463 538 2529 dicuntur
549 2468 678 2546 poetae,
700 2467 873 2545 postquam
896 2460 1005 2536 denuo⁴
1014 2458 1237 2526 Alexandriae
1249 2461 1336 2526 effle-

68 2578 168 2647 rescit
186 2580 305 2665 elegia.
350 2579 455 2658 Quam
476 2581 588 2647 urbem
609 2580 669 2646 sub
691 2577 889 2645 Ptolemaeis
916 2577 1202 2661 noncommereio
1230 2578 1334 2643 solum

71 2697 239 2780 omnisque
261 2699 392 2781 generis
415 2703 551 2781 quaestu
567 2696 732 2780 floruisse,
766 2694 825 2762 sed
855 2695 948 2780 quasi
976 2701 1144 2779 postumas
1174 2696 1334 2779 quasdam
1405 2701 1412 2715 '

70 2813 229 2880 Graeciae
249 2804 377 2881 litteras
398 2834 589 2899 procreasse
612 2821 644 2880 et
665 2813 788 2880 sevisse
810 2813 891 2881 satis
914 2819 964 2879 est
985 2819 1106 2879 netum.

153 2931 324 2997 Librorum
346 2932 432 2998 enim
453 2952 580 2998 summa
602 2931 698 3015 eopia
719 2930 766 2995 ibi
788 2931 926 2996 collecta
950 2930 1120 3013 regalique
1147 2930 1334 2996 munificen-

69 3047 118 3114 tia
137 3047 341 3114 eonditorum
361 3049 465 3115 Musei
487 3049 575 3115 illius
597 3048 853 3134 praeclarissimi
877 3048 987 3114 omnia
1014 3049 1082 3115 fere
1104 3047 1234 3113 illerum
1256 3053 1335 3113 tem·

69 3186 185 3251 perum
206 3167 343 3251 ingenia
363 3167 416 3232 vel
438 3166 607 3232 doetrinae
628 3165 682 3258 vel
706 3165 786 3230 artis
807 3165 959 3249 poeticae
980 3164 1079 3230 laude
1094 3163 1242 3248 insignia
1264 3164 1334 3229 alli-

70 3284 238 3350 ciebantur
260 3285 295 3350 in
317 3283 408 3348 illam
430 3283 552 3366 urbem,
574 3283 995 3367 proveniebantquequum
1011 3282 1045 3348 in
1062 3282 1149 3348 omni
1166 3281 1334 3349 doctrinae

70 3408 173 3486 parte,
186 3408 254 3467 tum
276 3400 311 3466 in
333 3400 482 3484 plurimis
504 3403 642 3484 podseo's
666 3400 848 3487 generibus
863 3394 1028 3484 ingeniosi
1050 3419 1130 3465 sane
1149 3399 1333 3484 scriptores.

68 3519 112 3584 At
134 3512 388 3601 destitueris,
422 3518 537 3600 quibus
564 3516 741 3583 maximam
768 3537 829 3601 par
856 3523 906 3583 est
938 3536 998 3584 nos
1025 3517 1147 3584 habere
1181 3517 1333 3601 gratiam,

70 3636 157 3719 quod
178 3655 302 3702 summe
325 3635 433 3701 studio
463 3655 603 3719 curaque
631 3631 796 3719 nunquam
826 3641 976 3704 cessante
1010 3654 1112 3718 opera
1144 3633 1203 3699 illa
1234 3654 1333 3701 verae

69 3752 228 3820 Graeciae
251 3754 389 3819 collecta
416 3759 648 3840 conservarunt
674 3759 707 3819 et
733 3752 776 3818 ad
809 3774 850 3819 ea
882 3751 1108 3837 intellegenda
1139 3749 1334 3836 penitusque

67 3870 281 3955 percipienda
302 3877 351 3936 tet
371 3851 528 3954 tantaque
549 3870 644 3936 nobis
666 3871 845 3953 praebuere
873 3868 1030 3951 subsidia,
1059 3888 1156 3951 quum
1183 3868 1218 3933 in
1239 3869 1334 3952 pee’si

68 3987 284 4072 elaborarent,
311 4008 376 4053 nen
396 3988 469 4071 jam
492 3987 579 4054 cives
600 3985 724 4052 liberae
752 3986 962 4070 reipublicae,
995 3984 1054 4051 sed
1078 3986 1173 4050 aulae
1194 3985 1333 4051 orienta-

67 4105 147 4171 lium
169 4106 237 4173 sere
259 4126 373 4192 regum
395 4111 572 4173 sectatores
592 4103 645 4170 vel
667 4102 728 4170 teti
750 4102 843 4169 libris
870 4101 974 4169 dediti
999 4100 1238 4169 versificatores
1266 4100 1333 4185 ple·

73 4392 118 4476 ¹4)
136 4414 207 4463 Hunc
224 4412 287 4461 enim
304 4412 330 4460 st
346 4414 405 4460 ants
418 4411 588 4460 Archilochum
605 4409 693 4459 vixisse
711 4407 771 4456 dicit
788 4408 876 4458 Strabo
898 4409 964 4467 xlv,
982 4424 1006 4468 p.
1025 4409 1072 4456 647
1092 4409 1117 4456 et
1134 4406 1278 4455 Aristoteles
1295 4406 1332 4454 in·
1410 4448 1412 4451 ,

134 4515 257 4564 reatorem
275 4511 363 4572 elegius
387 4509 538 4559 existimasse
562 4509 659 4559 ridetur
683 4533 718 4545 -
744 4507 788 4558 cfr.
807 4509 926 4562 scholium
943 4508 1062 4557 Bobiensa
1088 4507 1121 4557 sd
1138 4507 1214 4556 (licor.
1232 4519 1269 4554 cr.
1287 4518 1333 4566 pre

135 4613 223 4664 Arabis
239 4628 264 4674 p.
283 4613 331 4660 ³58
349 4609 386 4660 sd.
398 4608 483 4676 'Orelli
501 4609 603 4670 (Christ.
621 4609 638 4658 l.
657 4623 677 4659 c.
695 4620 720 4670 p'.
740 4604 812 4670 2²8).
882 4584 885 4588 Α
