3232 5250
750 281 771 345 8

126 464 346 532 Romanorum
378 464 513 548 ingenio
545 464 654 529 verius
681 463 811 548 poetico
831 463 1002 547 praeditus
1024 464 1098 548 luit,
1118 465 1297 549 ancipitem
1319 485 1399 549 quo

128 582 304 649 dammodo
336 581 468 664 reliquit
502 580 635 665 poesim
666 601 744 646 nam
771 580 892 664 partim
928 582 1164 665 exemplarium
1197 581 1401 649 Graecorum

128 699 387 766 studiosissimus
406 700 561 782 imitator,
583 699 631 764 ita
650 705 687 764 ut
708 718 806 782 quum
827 698 896 764 alia
911 698 1046 764 verterit
1060 705 1129 764 tum
1144 699 1243 765 etiam
1263 721 1401 767 armen
1453 726 1460 733 ¹

130 816 295 901 quoddam
317 815 511 883 Callimachi
530 814 701 899 illepidum
720 822 753 882 et
772 817 979 882 invenustum
1001 814 1044 882 de
1057 835 1153 882 coma
1166 817 1401 883 Berenices-
1418 790 1426 797 ’

131 931 218 1016 quod
240 952 435 1018 quamquam
447 934 597 1001 distichis
614 934 797 1000 muscetum
812 935 956 1018 elegiam
977 954 1055 999 num
1069 953 1189 1000 vocare
1202 933 1303 1000 liceat
1319 935 1402 1019 ¹juro

44 1124 52 1141 ..
116 1050 297 1117 ‘dubitatur
335 1087 370 1098 -
405 1052 563 1135 opuscula
588 1049 749 1132 quaedam
776 1049 909 1133 mythis,
935 1049 1235 1133 comparationibus
1255 1049 1402 1135 aliisque

130 1168 331 1235 ornamentis
363 1168 620 1235 laboriosissime
653 1167 799 1232 collectis
832 1166 964 1231 excudit
990 1173 1024 1231 et
1044 1166 1255 1250 elecubravit,
1275 1168 1403 1252 partim

131 1306 242 1352 amore
273 1285 327 1351 vel
349 1283 426 1350 odio
451 1285 615 1367 incitatus,
648 1283 771 1368 gaudio
792 1283 909 1366 elatus,
929 1283 983 1349 vel
1005 1282 1120 1349 dolore
1139 1283 1308 1350 confectus
1329 1305 1402 1352 ear-

131 1403 222 1468 mina
242 1401 342 1486 iudit'
357 1422 442 1486 quae
463 1402 541 1469 licet
562 1401 836 1486 inquinatissimis
857 1400 948 1466 illins
962 1401 1121 1484 temporis
1142 1401 1288 1466 moribus
1308 1401 1404 1468 baud

130 1540 205 1586 raro
226 1519 392 1586 maculata
411 1519 488 1603 siut,
508 1519 657 1602 rurisque
678 1518 803 1584 inficeti
823 1538 1056 1601 nonnunquam
1077 1497 1233 1584 maneant
1242 1519 1402 1602 vestigia,

12 1616 16 1621 ⁵
101 1610 253 1704 'amicos
286 1636 405 1702 multos
437 1637 551 1702 linsae
583 1637 656 1720 ejus
689 1614 908 1702 conciliarem
936 1635 1231 1718 coneiliabuntque.
1286 1635 1402 1702 litiam

132 1753 262 1838 elegiae
283 1753 366 1837 ejus,
387 1753 417 1818 ai
437 1752 501 1818 boc
511 1751 644 1818 nomine
654 1753 706 1835 68,
729 1753 772 1817 76
787 1751 957 1836 appellare
972 1752 1098 1835 iacnt,
1112 1758 1183 1818 tum
1203 1759 1402 1837 argumento

132 1871 229 1937 turba
258 1890 367 1937 rerum
398 1870 533 1936 confuso
554 1876 588 1936 et
610 1869 870 1953 digressionibus
891 1890 911 1936 e
932 1869 1139 1954 mythologia
1159 1869 1274 1954 petitis
1294 1869 1402 1954 impe-

133 1987 224 2054 ditae
245 1994 330 2070 sunt,
350 1992 420 2052 tum
440 2005 536 2053 veros
557 1993 591 2052 et
618 1986 781 2052 infucatos
812 1986 943 2052 dolores
972 1985 1169 2052 suavissime
1200 1986 1401 2072 exprimunt,

131 2105 189 2171 ubi
209 2106 263 2172 rel
283 2111 389 2171 semet
414 2104 488 2188 ipse
514 2104 673 2188 hortatur,
693 2110 730 2169 ut
750 2104 886 2188 longum
906 2103 1052 2188 deponat
1072 2124 1219 2170 amorem
1238 2104 1293 2170 vel
1314 2090 1402 2170 mor·
1480 2108 1483 2113 '

132 2228 199 2290 tem
220 2221 428 2289 immaturam
439 2221 550 2288 fratris
563 2221 759 2288 amatissimi
774 2221 960 2287 tenerrimis
970 2221 1111 2287 luctibus
1122 2221 1342 2306 prosequitur.
1361 2257 1399 2269 —-

131 2337 199 2405 Sed
240 2338 513 2422 quemadmodum
556 2337 698 2405 disticha
736 2338 877 2422 Augusti
908 2337 1040 2404 demum
1072 2344 1182 2405 aetate
1213 2337 1402 2422 legitimum

132 2462 232 2523 nacta
272 2461 349 2522 sunt
390 2454 540 2538 nitorem,
573 2475 671 2537 quum
713 2455 749 2520 in
781 2454 977 2521 Catulliauis
1011 2477 1078 2521 non
1119 2475 1229 2539 pauca
1267 2461 1403 2522 exstent

132 2572 277 2640 nondum
304 2572 453 2639 firmatae
482 2571 563 2638 artis
592 2572 745 2656 vestigia,
777 2572 827 2637 ita
856 2572 968 2656 elegia
1000 2578 1069 2637 tum
1104 2571 1159 2637 vel
1191 2591 1257 2637 non
1296 2571 1402 2638 multo

133 2697 210 2757 ante
240 2696 277 2755 ut
307 2687 476 2774 proprium
507 2707 590 2773 opus
621 2687 781 2754 excolitur
801 2695 835 2754 et
855 2688 1056 2773 peculiarem
1077 2687 1222 2755 ostendit
1242 2687 1401 2756 indolem.

110 2809 221 2873 'Pace
252 2805 340 2872 enim
372 2825 431 2890 per
463 2805 575 2870 orbem
616 2811 734 2890 parata
765 2812 939 2889 postquam
972 2803 1076 2871 otium
1107 2805 1258 2870 omnibns
1288 2823 1405 2889 super·

133 2929 215 3008 crat,
266 2941 363 3005 quum
406 2921 546 3005 gloriam
581 2941 687 2986 rerum
724 2922 928 3006 principatus
966 2921 1079 2987 omnia
1116 2920 1160 2986 ad
1196 2940 1235 2987 se
1265 2919 1405 2987 trabons

5 3004 24 3029 '¹
132 3037 361 3125 praecluderet
392 3038 446 3103 vel
477 3035 664 3124 impediret,
695 3041 811 3120 poetas
842 3043 952 3104 autem
980 3057 1102 3122 magno
1123 3038 1238 3104 lavore
1259 3037 1405 3122 amplee

133 3162 256 3224 teretur
275 3156 452 3238 Augustus,
485 3152 563 3218 dum
583 3151 724 3236 populus
755 3153 838 3219 levis
860 3160 969 3221 mente
996 3160 1123 3221 numm
1142 3174 1208 3220 uno
1230 3153 1401 3221 scribendi

132 3271 242 3339 studio
261 3271 356 3353 calet,
376 3268 529 3354 permulti
551 3268 755 3351 exstiterunt,
772 3269 828 3353 qui
842 3290 909 3336 non
924 3277 961 3336 ut
982 3270 1062 3336 olim
1079 3271 1253 3338 subsicivis
1271 3277 1403 3339 tantum

132 3391 223 3457 boris
243 3389 297 3456 vel
320 3388 546 3457 adolescentes
569 3387 687 3472 copiae
711 3407 821 3455 rerum
844 3387 1082 3471 verborumque
1108 3388 1279 3474 parandae
1301 3394 1404 3472 atque

134 3507 341 3592 eloquentiae
370 3505 511 3573 alendae
543 3523 645 3571 cansa
674 3505 873 3571 carminibus
904 3503 1092 3590 pangendis
1114 3525 1249 3589 operam
1271 3503 1402 3573 omont
1462 3507 1465 3510 ’

131 3625 298 3694 Latiorem
320 3622 432 3707 itaque
451 3626 551 3688 nacta
570 3626 646 3686 sunt
667 3640 819 3705 campum
840 3619 953 3687 studia
969 3621 1031 3688 illa
1043 3621 1125 3688 artis
1139 3623 1301 3707 poeticae,
1313 3642 1402 3706 quae

133 3744 194 3810 sub
215 3742 314 3808 tinem
334 3740 460 3806 liberae
485 3737 686 3822 reipublicae
716 3737 836 3803 litteris
868 3737 1055 3822 artibusque
1076 3738 1211 3806 Graecis
1243 3739 1343 3806 altius
1365 3739 1403 3806 in

134 3859 207 3929 dies
239 3858 368 3926 animos
400 3854 646 3941 penetrantibus
678 3855 897 3920 Romanorum
932 3855 1151 3938 effloruerant,
1184 3862 1218 3922 et
1249 3855 1401 3922 certatim

135 3977 266 4045 exculta
297 3979 373 4053 sunt
405 3993 502 4058 quum
535 3972 604 4039 alia
635 3972 745 4057 poesis
774 3992 908 4057 genera,
929 3978 998 4038 tum
1019 3972 1130 4058 elegia
1150 3973 1193 4039 ab
1213 3972 1402 4040 bominibus

135 4091 329 4178 ingeniosis,
362 4089 478 4174 quibus
511 4107 657 4156 summae
689 4108 788 4155 curae
815 4096 909 4155 erant
930 4089 1087 4172 carmina
1109 4109 1169 4175 por
1190 4109 1275 4174 qm
1297 4096 1403 4158 geter.

135 4231 213 4278 nam
234 4229 272 4276 so
292 4213 522 4275 consecuturos
542 4224 615 4273 esse
636 4205 777 4291 gloriam
798 4206 985 4291 sperabant

220 4327 266 4395 Ut
287 4324 379 4394 enim
400 4324 435 4390 in
455 4323 552 4408 epica
572 4323 667 4408 poesi
677 4321 846 4406 Virgilius,
858 4322 893 4387 in
907 4321 1013 4407 lyrica
1033 4328 1067 4389 et
1088 4323 1224 4391 satirica
1243 4323 1402 4392 Horatius

136 4452 170 4516 et
191 4443 336 4530 priorum
356 4448 391 4511 ot
409 4440 626 4526 posteriorum
646 4437 928 4524 praestrinxernnt
946 4437 1073 4523 laudes,
1099 4438 1148 4506 ita
1177 4439 1288 4526 elegia
1313 4439 1405 4508 intra
