3232 5250
765 186 984 321 ¹⁴2*

236 403 383 503 Sextus
410 401 647 487 Propertius
674 408 714 478 (e
745 401 927 483 loo-739)
953 401 1040 468 inter
1065 400 1190 468 enisos
1213 402 1419 472 mmor

152 498 312 606 reoeptus,
344 538 541 603 quemquem
565 538 673 600 neque
698 518 770 602 ejus
796 519 841 583 nb
861 519 999 585 Horatio
1022 539 1130 602 neque
1149 519 1281 586 Horatii
1306 520 1349 587 rb
1376 539 1418 587 eo

151 657 294 722 unqunm
315 637 353 704 tit
373 637 506 720 mentio,
531 636 566 702 in
587 636 737 719 elegiseo
758 635 857 702 modo
883 655 1006 720 genere
1031 637 1224 704 elaborarit
1277 638 1324 704 Ut
1343 639 1419 722 jem

150 753 346 833 Quintinmi
372 753 573 838 temporibus
599 761 704 836 eruut,
735 754 793 836 qui
821 774 896 819 eum
921 754 1054 820 'libullo
1085 761 1334 839 anteponerent,
1366 754 1417 822 ite

149 892 235 938 nune
255 871 344 938 haud
365 871 462 955 peuri
483 891 558 936 eum
579 870 682 954 pluris
701 871 835 952 suriunt,
864 872 955 937 velut
975 872 1219 957 Hertubergius,
1245 873 1302 956 qui
1329 891 1416 938 sum·

149 989 212 1056 mis
234 1010 307 1056 eum
329 989 422 1055 effert
442 988 609 1055 leudibus:
631 989 755 1072 «Hujus
776 989 975 1055 carminibus
994 989 1080 1056 dure
1100 990 1245 1056 maxime
1264 1008 1320 1055 res
1340 1007 1414 1072 pro

148 1108 254 1192 prium
276 1114 310 1174 et
330 1107 562 1173 inexstiuotum
583 1106 748 1189 querum
769 1107 912 1172 oolorenr
932 1106 1094 1189 tribunut;
1114 1106 1256 1190 primum
1269 1106 1413 1173 oouoits«

147 1232 253 1291 torum
274 1224 448 1292 effeetuum
469 1223 577 1306 ardor,
599 1223 715 1306 quibus
737 1230 775 1289 ut
795 1224 869 1308 ipss
889 1225 1040 1307 quemvis
1050 1230 1251 1290 mreeretum
1264 1222 1412 1307 geudero

146 1359 184 1407 re
204 1341 383 1425 profitetur,
404 1340 454 1406 its
474 1339 598 1423 impetn
618 1338 716 1405 modo
738 1346 772 1405 et
792 1340 925 1424 fragore
943 1360 1066 1423 magno
1086 1341 1199 1423 fertur,
1220 1339 1319 1406 modo
1337 1359 1413 1407 oon·

146 1457 239 1523 oitnti
259 1458 360 1523 meris
381 1456 486 1522 instar
506 1457 641 1523 tluotust
661 1464 696 1523 et
716 1457 894 1523 redundet:
926 1459 969 1522 ab
997 1458 1103 1523 alters
1128 1464 1224 1540 perte
1244 1475 1351 1541 ungu
1379 1462 1413 1524 ot

145 1582 181 1640 ut
202 1575 251 1640 its
269 1573 379 1640 diuam
401 1573 501 1639 molle
520 1573 700 1656 ingenium,
719 1573 807 1656 quod
828 1574 915 1640 udee
936 1574 1076 1658 argillae
1103 1573 1208 1638 instar
1235 1573 1412 1656 impresse·

144 1711 216 1757 rum
235 1711 343 1758 rerum
364 1690 508 1774 vestigio
527 1691 626 1756 troile
645 1691 765 1775 reeipit
784 1698 818 1757 et
838 1690 981 1758 fideliter
1001 1697 1121 1757 servet
1170 1691 1256 1758 Num
1276 1689 1410 1775 ediutus

144 1814 298 1892 prompte
317 1806 475 1873 memoris
495 1805 617 1888 omnin,
638 1827 723 1888 qure
734 1807 880 1874 carmine
899 1806 1005 1890 digus
1023 1807 1084 1873 sub
1095 1807 1215 1874 mentis
1226 1807 1334 1875 roiem
1355 1826 1410 1874 vo

143 1931 271 2007 uerunt,
292 1924 418 2007 argutis
440 1943 507 1988 nou
527 1921 624 1988 modo
645 1923 743 1988 lineis
769 1922 927 1991 eudeeter
954 1930 989 1990 et
1015 1923 1060 1990 ed
1090 1924 1264 1992 veritatem
1296 1923 1409 1991 edunt·

142 2042 225 2123 bret,
246 2061 360 2106 verum
380 2040 469 2106 sueni
491 2046 525 2106 et
550 2040 722 2124 sanguinis
751 2042 868 2124 plenus
896 2042 1060 2126 imagines
1087 2041 1191 2107 oeulis
1222 2059 1409 2124 proponere

142 2164 176 2224 et
199 2158 440 2240 quodammodo
461 2159 555 2224 vivus
576 2158 694 2224 iterum
715 2179 889 2242 proerenre
909 2159 1019 2226 sudet
1061 2159 1123 2224 llis
1144 2158 1175 2224 si
1195 2157 1328 2224 tertium
1349 2157 1408 2225 sd·

141 2274 276 2358 dideris,
297 2295 494 2358 quemquem
515 2275 637 2356 ubsque
659 2275 722 2340 hoe
748 2275 834 2342 duee
862 2275 941 2342 illee
965 2275 1111 2341 rrfiones
1140 2276 1335 2358 eonjuuetso
1364 2294 1407 2342 ue

139 2392 279 2476 eogitari
299 2391 432 2475 quidem
450 2391 588 2475 possint,
609 2390 737 2457 suimus
759 2392 822 2458 erit
843 2392 954 2457 firmus
974 2392 1193 2458 etooutiueus
1209 2391 1314 2474 etqui
1330 2391 1407 2477 ipse

139 2509 204 2576 sibi
225 2517 409 2593 temperare
434 2528 501 2574 uon
522 2507 658 2574 neseiat
707 2509 779 2574 lloe
805 2508 894 2574 enim
919 2507 1094 2575 destitutus
1115 2527 1212 2574 nemo
1245 2528 1287 2575 ex
1319 2507 1404 2592 ipsis

138 2625 258 2693 mertis
278 2624 381 2691 turbis
405 2644 573 2707 emergere
594 2643 735 2707 suosque
756 2625 901 2708 effeetus,
923 2626 980 2690 vix
994 2625 1161 2692 restinctis
1174 2624 1278 2691 enimi
1293 2624 1405 2693 inoeu-

138 2741 215 2827 diis,
236 2749 403 2826 tamquam
422 2741 523 2807 alieni
545 2741 623 2824 siut,
649 2740 829 2808 oustoditos
856 2762 981 2826 eoquo
1005 2741 1148 2808 diximus
1174 2741 1272 2808 modo
1297 2742 1404 2826 expli-

137 2879 213 2927 oere
234 2865 268 2926 et
288 2858 443 2926 deoeuter
460 2859 609 2924 excolere
629 2859 781 2943 potuerit.
813 2860 928 2942 Iteque
942 2859 978 2924 in
997 2859 1073 2943 ipse
1092 2860 1191 2943 oopie
1210 2879 1278 2924 uon
1297 2858 1404 2927 effluit

136 2996 198 3044 neo
218 2996 316 3060 quum
336 2976 479 3059 plurime
498 2981 535 3040 ut
556 2974 655 3056 dieat,
677 2975 806 3042 suimus
826 2975 953 3059 suadet,
975 2977 1088 3043 omniu
1100 2977 1226 3059 ebullit,
1247 2975 1308 3044 sed
1321 2977 1403 3044 emi·

136 3093 252 3159 nentia
271 3093 378 3158 solum
399 3099 433 3158 et
453 3092 556 3158 veluti
575 3092 687 3176 eapite
706 3112 814 3159 rerum
832 3093 901 3158 sori
915 3091 1043 3176 judicio
1064 3093 1201 3176 delibet,
1221 3094 1402 3161 exuberen-

135 3217 201 3275 tem
223 3210 393 3276 meteriem
413 3207 547 3275 dioendi
561 3209 701 3275 vineolis
717 3209 905 3293 oomposoit,
925 3210 1124 3293 superfluam
1135 3209 1408 3292 quoddammodo·

136 3332 372 3395 sarmentorum
393 3327 554 3395 luxuriem
575 3334 746 3411 nmputnre
763 3349 830 3393 non
855 3327 1064 3412 dedignetur.
1116 3329 1240 3396 Rursus
1266 3328 1303 3393 iu
1335 3329 1401 3395 siu·

135 3443 233 3526 gulis,
263 3444 413 3526 quemvis
442 3443 593 3511 ridentur
619 3443 903 3525 nouoitstissimus,
936 3443 1036 3511 limue
1068 3445 1238 3513 solertium
1271 3451 1400 3512 tentum

134 3560 227 3627 obest
248 3566 285 3625 ut
306 3560 458 3643 refugiet,
478 3566 515 3625 ut
535 3560 707 3627 verborum
727 3559 889 3627 nonninus
908 3560 1111 3644 proprietate
1140 3561 1274 3628 insitum
1302 3562 1399 3629 eliso

133 3682 224 3743 turm
244 3676 312 3742 vim
333 3682 465 3759 sugent
516 3677 587 3743 Neo
605 3695 705 3759 quum
729 3676 841 3743 verius
868 3684 902 3744 et
932 3676 1082 3745 diversos
1103 3696 1220 3744 reum
1240 3683 1398 3746 mmm

132 3792 302 3876 percurrit,
322 3791 549 3875 dispositionis
570 3791 746 3876 prudentie
771 3798 881 3861 earet«
904 3793 1107 3876 (Propertius
1126 3795 1156 3876 l,
1177 3815 1210 3878 p.
1233 3793 1299 3876 60).
1339 3793 1405 3861 tls.

132 3909 220 3976 mise
240 3926 323 3977 sous
350 3907 507 3991 justoque
534 3908 676 3992 an‘ores
703 3906 786 3975 milri
812 3906 965 3975 ridentur
990 3907 1206 3977 haelendes
1255 3909 1296 3976 Id
1328 3931 1396 3983 nou

131 4025 229 4093 interi
249 4044 317 4092 uon
337 4043 519 4108 possumus,
541 4024 699 4108 mojorem
718 4043 793 4092 eme
814 4023 850 4090 in
869 4043 909 4092 eo
931 4023 1104 4093 effectuum
1125 4025 1321 4099 varietatem
1348 4033 1396 4095 et·

131 4161 195 4226 que
211 4140 488 4209 vehementiorem
509 4141 611 4208 enimi
631 4140 709 4207 vim
751 4141 853 4207 Multo
875 4139 1045 4209 altioribus
1067 4147 1101 4208 et
1128 4141 1396 4212 oouoitstiorilsur

130 4259 264 4326 fluetuet
281 4256 378 4325 undis
400 4277 498 4341 quern
519 4257 684 4340 Tibullus,
704 4256 815 4324 varias
837 4263 871 4323 et
890 4257 1089 4342 multipliore
1110 4278 1218 4327 rerum
1229 4259 1395 4344 imagines

130 4377 256 4445 oolorst
272 4394 366 4442 emor
385 4373 558 4459 Cynthiae,
578 4394 677 4458 quum
697 4395 797 4442 uuam
818 4375 988 4441 mulierem
1001 4375 1200 4447 osrmiuibus
1215 4376 1395 4447 celebravit

129 4494 192 4559 etsi
214 4490 276 4559 «ed
297 4491 456 4559 formosas
477 4511 642 4576 nunquam
663 4511 779 4559 oseous
801 4497 889 4558 erut«
901 4492 973 4576 (ΠΙ,
986 4493 1027 4558 lo
1039 4492 1094 4577 [11,
1105 4493 1170 4576 221,
1180 4493 1247 4575 20).
1278 4491 1348 4564 sed
1359 4499 1395 4561 et
