3232 5250
667 1194 703 1268 '³3‘
734 1205 738 1209 ’

218 1473 392 1586 Versibus
414 1518 584 1603 impariter
600 1519 724 1603 juuotis
743 1517 947 1602 querimonia
967 1517 1119 1603 primum,

216 1637 295 1700 Post
316 1626 420 1702 'etiam
446 1636 604 1703 iuolusust
625 1636 694 1702 voti
715 1635 881 1704 sententia
902 1655 1053 1719 oompos3

216 1752 297 1830 Quis
316 1759 427 1818 tamen
448 1721 585 1837 exigier
605 1754 717 1838 elegos
740 1753 885 1820 emiserit
907 1758 1030 1835 auctor,

219 1867 431 1935 Grammatioi
453 1875 580 1936 uertant
602 1876 635 1935 et
657 1870 765 1936 adhue
785 1870 846 1935 sub
863 1868 977 1953 judioe
997 1868 1039 1934 lis
1062 1873 1123 1951 est,

66 1987 113 2052 ait
139 1986 294 2052 Horatius
317 1989 360 2069 (a.
383 2007 416 2070 p.
440 1989 589 2072 75-78),
622 1996 657 2055 et
682 1991 816 2056 verbum
838 1968 919 2054 illud
942 1987 1069 2072 ἔλεμος,
1090 1986 1178 2053 uude
1198 1985 1330 2061 ductum

67 2109 117 2169 est
138 2123 258 2169 nomeu
279 2103 441 2188 ejusmodi
469 2105 649 2172 carminum
678 2108 766 2191 apud
789 2106 932 2172 Graecos
959 2104 1219 2187 usitatissimum,
1246 2102 1333 2187 quod

67 2227 117 2287 est
149 2213 193 2284 ni
228 2220 364 2305 ἐλεγεῖα
390 2223 443 2289 vel
471 2223 560 2307 apud
590 2224 790 2308 posteriores
818 2215 841 2304 ἡ
874 2221 1020 2308 ε’λεγελα,
1050 2221 1182 2306 proprie
1207 2220 1333 2287 flebiles

67 2345 181 2405 cantus
207 2337 386 2422 modosque
408 2339 596 2424 significare
624 2339 764 2423 videtur,
789 2338 879 2404 velut
906 2336 995 2421 apud
1021 2337 1276 2421 Aristophanem
1298 2335 1333 2401 in

65 2456 189 2522 Avibus
221 2454 362 2522 luscinia
395 2456 472 2541 Ityn
504 2455 659 2523 amissum
699 2453 810 2541 ἐλέγῳ
842 2454 963 2522 deflere
1002 2454 1120 2521 dieitur
1153 2452 1332 2536 (Aristoph.

66 2573 184 2639 Avium
204 2594 236 2638 v.
251 2573 314 2638 209
340 2592 427 2655 sqq:

269 2780 335 2873 όὶγο
355 2778 509 2872 σύννομέ
530 2812 599 2871 μοι,
619 2791 753 2856 καῦσαι
773 2787 840 2870 μὲν
861 2781 979 2854 ὕπνου

266 2907 378 2971 λῦσον
401 2904 438 2970 δὲ
459 2895 589 2986 νόμους
610 2906 717 2987 ἱερῶν
739 2895 878 2984 ὕμνων,

267 3017 329 3095 οὓς
350 3013 409 3088 δια
431 3023 532 3087 θείου
554 3012 725 3102 στόματος
745 3025 888 3103 θρηνεῖς

266 3130 329 3203 τόν
349 3129 435 3220 ἐμόν
456 3138 518 3203 καὶ
539 3127 605 3202 σόν
625 3125 859 3219 πολύδακρυν
874 3129 975 3200 Ἴτυν

267 3253 492 3337 ἐλελιξομένη
513 3257 638 3337 διεροῖς
658 3251 798 3335 μέλεσιν

268 3371 392 3456 γένυος
413 3372 561 3452 ξουθῆς·

267 3477 419 3568 καθαραὶ
442 3492 553 3569 χοορεῖ
570 3476 629 3550 διοὶ
651 3475 887 3569 φυλλοκόμου

267 3605 437 3686 σμίλακος
456 3589 535 3685 vilui
556 3591 644 3682 πρός
665 3592 748 3671 Διός
768 3598 884 3682 ἕδρας,

267 3708 312 3784 ἵν’
336 3711 355 3785 ό
377 3709 605 3802 χρυσοκόμας
630 3721 756 3798 Φοῖβος
778 3705 925 3782 α’κούοον

268 3842 338 3910 τοῖς
358 3842 429 3907 σοῖς
450 3833 580 3921 ἐλέγοις
601 3822 828 3910 ἀντιψάλλων

268 3941 544 4034 ἐλεφαντόδετον
566 3939 764 4034 φόρμιγγα,
786 3949 882 4015 θεῶν

268 4069 382 4152 ἵστησι
403 4055 555 4151 χορούς).

67 4286 112 4353 Ut
132 4284 186 4355 hio
208 4283 330 4351 tibioeu
349 4287 483 4350 sautum
505 4278 711 4365 prosequitur
734 4275 972 4361 opponiturque
995 4272 1099 4357 elegis
1121 4274 1195 4359 lyra
1210 4273 1336 4359 Apolli·

66 4401 130 4487 uis,
160 4401 209 4469 ita
236 4399 368 4489 saepius
400 4397 517 4482 ἔλεγοι
546 4393 711 4480 expressis
743 4392 853 4460 uerbis
886 4408 959 4456 oum
990 4389 1152 4458 flebilibus
1181 4388 1336 4456 tibiarum

67 4518 176 4587 modis
199 4514 461 4603 eonjunetissimi
490 4532 562 4581 esse
591 4512 742 4580 dicuutur
769 4516 866 4593 atque
898 4514 1065 4592 tamquam
1096 4506 1211 4574 hilaris
1243 4505 1337 4591 lyrae

1131 4625 1165 4676 1.
