3232 5250
90 526 95 535 ,
167 438 301 539 rumque
319 454 474 521 meliores
497 473 593 537 quam
622 457 740 536 poetae
767 457 950 536 evaserunt,
983 458 1136 518 accurata
1164 451 1320 518 metricae
1353 451 1436 517 artis

169 576 202 637 et
223 571 406 656 mythorum
428 569 700 652 historiarumque
722 570 862 636 scientia
883 569 989 654 magis
1012 588 1109 652 quam
1129 569 1260 652 poetica
1277 569 1437 635 viralen·

168 693 228 753 tes.
249 687 322 769 ,Ex
343 686 395 752 his
422 686 523 770 igitur
550 687 732 771 complures
763 706 860 770 quum
892 686 1035 770 elegiam
1067 686 1244 771 praecipue
1277 685 1436 769 colerent,

139 846 144 857 ·
167 802 351 870 Mimnermi
373 803 515 869 manime
536 803 687 889 vestigiis
703 803 891 870 insistentes
907 772 1101 888 saepissime
1115 821 1242 870 amores
1258 820 1335 868 suos
1351 803 1436 868 cele
1472 887 1474 890 Α

36 934 97 987 .-··
122 900 129 911 ’
167 920 281 986 brasse
300 919 462 1016 videntur,
477 938 709 1002 summamque
730 920 765 984 in
787 921 850 987 hac
872 940 907 986 re
926 919 1057 987 laudem
1069 919 1181 1004 adepti
1199 925 1273 986 sunt
1283 919 1435 986 Philetas

168 1036 211 1103 ab
229 1035 338 1103 insula
353 1037 420 1103 Ooo
443 1036 598 1103 oriundus
621 1043 654 1102 et
666 1036 885 1102 Callimachus
898 1037 1105 1121 Cyrenensis,
1128 1024 1435 1121 quem'exemplum
1494 1051 1499 1058 ·

169 1158 202 1220 st
222 1138 400 1238 inth'ginem
420 1154 601 1221 immensae
621 1153 710 1219 illius
729 1154 960 1238 bibliothecae,
982 1154 1035 1220 cui
1059 1154 1245 1238 praefectus
1263 1159 1344 1238 erat,
1366 1172 1436 1218 non

167 1258 525 1354 inepte'appellarunq
548 1291 624 1337 nam
640 1290 737 1352 quum
758 1290 824 1335 non
839 1271 946 1339 minus
962 1270 1151 1354 octingenta
1172 1270 1340 1338 volumina
1354 1270 1435 1336 scri·

83 1386 96 1463 ¹,
168 1387 269 1471 beret,
292 1386 327 1452 in
351 1389 501 1455 omnibus
521 1388 704 1455 litterarum
725 1388 873 1472 partibus
896 1387 1086 1454 elaboravit.

133 1498 196 1592 ²2·
253 1504 376 1570 Horum
402 1505 472 1571 iere
497 1505 698 1589 temporibus
727 1505 835 1589 prima
866 1504 1049 1570 litterarum
1081 1503 1178 1570 initia
1204 1505 1327 1570 Romae
1361 1509 1437 1571 orta

146 1594 253 1705 *sunt
275 1621 489 1706 hominesque
510 1622 552 1688 de
579 1622 693 1688 infima
720 1621 913 1706 saepissime
942 1622 1039 1705 plebe
1067 1638 1163 1703 quum
1190 1603 1333 1704 patriam
1362 1620 1436 1687 illu-

168 1744 273 1806 strare
295 1745 489 1805 conarentur
515 1738 649 1805 rudibus
671 1737 738 1803 illis
761 1736 891 1820 quidem
914 1737 1083 1803 etiamtum
1095 1742 1129 1802 et
1139 1735 1313 1820 incomptis
1328 1737 1436 1821 operi·
1494 1765 1496 1770 s

168 1856 238 1939 bus,
262 1836 416 1938 sedquae
429 1857 495 1921 alte
517 1854 727 1939 descendisse
749 1855 783 1921 in
806 1856 932 1922 animos
954 1861 1124 1940 poetarum
1146 1872 1290 1921 amorem
1310 1855 1437 1922 littera·

171 1992 242 2038 rum
264 1971 423 2038 Graeciae
451 1978 485 2039 et
510 1971 762 2039 admirationem
789 1971 998 2038 ostenderent
1030 1978 1064 2038 et
1094 1971 1128 2036 ri
1161 1970 1323 2038 interdum
1356 1991 1435 2040 vere

170 2088 301 2172 poetica
322 2089 493 2173 ferrentur,
519 2090 603 2156 bene
630 2089 760 2173 accidit,
787 2095 823 2154 ut
852 2087 1055 2172 exemplaria
1082 2086 1208 2156 Graeca
1230 2107 1271 2154 ex
1291 2088 1436 2155 Alexan·

170 2204 273 2270 drinis
295 2209 408 2289 petere
426 2224 492 2271 non
514 2211 659 2288 possent,
683 2204 804 2290 quippe
826 2203 941 2288 quibus
963 2203 1098 2270 vixdum
1124 2203 1342 2271 innotuissent
1367 2205 1436 2270 nisi

171 2320 345 2405 scriptores
368 2319 402 2386 in
424 2320 532 2387 scenis
553 2322 605 2387 vel
628 2321 749 2388 scholis
770 2323 912 2406 Magnae
940 2320 1100 2388 Graeciae
1126 2320 1204 2386 triti.
1235 2397 1237 2400 Α
1259 2321 1327 2386 Hos
1356 2320 1435 2387 dum

170 2437 340 2505 imitantur
367 2436 466 2521 primi
492 2436 542 2502 illi
564 2437 782 2504 Romanorum
809 2444 938 2522 poetae,
971 2438 1136 2505 consecuti
1169 2443 1253 2522 sunt,
1286 2437 1373 2520 quod
1400 2436 1436 2502 in

170 2553 298 2621 miseris
314 2554 505 2639 plerumque
527 2553 595 2621 suis
616 2555 712 2621 rebus
734 2574 792 2621 suo
810 2552 888 2639 jure
908 2560 1121 2640 speraverant
1144 2557 1225 2639 iore,
1251 2560 1287 2620 ut
1309 2554 1436 2638 posteri

173 2676 267 2755 grato
290 2688 347 2737 eos
368 2676 602 2738 venerarentur
627 2670 747 2755 animo,
769 2671 1043 2756 classicorumque
1065 2671 1122 2738 diu
1137 2671 1435 2738 obtinuerclooum.

170 2787 214 2852 At
236 2788 295 2853 sub
315 2787 414 2854 finem
432 2787 557 2853 liberae
578 2789 779 2872 reipublicae
801 2809 899 2873 quum
916 2791 988 2875 jam
1009 2790 1111 2857 multo
1133 2790 1333 2872 frequentior
1348 2790 1438 2857 inter

170 2901 313 2970 Graecos
333 2910 366 2970 et
376 2904 540 2970 Romanos
562 2904 801 2971 intercessisset
822 2907 1032 2992 consuetudo,
1054 2913 1088 2975 et
1107 2907 1162 2974 vel
1183 2906 1219 2971 hi
1240 2905 1436 2990 saepissime

172 3019 273 3088 etiam
294 3019 475 3087 studiorum
497 3038 597 3086 causa
618 3019 777 3088 Graeciae
801 3023 897 3088 urbes
925 3005 1064 3109 adirent,
1096 3024 1150 3091 rel
1183 3022 1272 3090 docti
1304 3016 1437 3088 illorum

171 3136 319 3203 homines
341 3135 453 3221 regnis
475 3135 641 3220 plerisque
662 3154 884 3204 successorum
899 3139 1080 3206 Alexandri
1096 3140 1265 3208 exstinctis
1280 3138 1333 3206 vel
1347 3145 1437 3206 certe

170 3252 357 3320 labentibus
378 3254 542 3320 Romanos
565 3253 628 3319 sibi
643 3261 792 3338 peterent
802 3274 908 3340 reges,
930 3257 1020 3322 velut
1030 3255 1207 3324 Panaetius
1218 3253 1436 3342 philosophus

171 3369 363 3453 Scipionem
384 3368 613 3454 Aemilianum,
640 3371 759 3439 multos
785 3371 924 3438 Archias
950 3378 1051 3455 pocta
1081 3372 1193 3456 coluit,
1226 3372 1352 3456 antiqui
1383 3372 1436 3439 illi

172 3491 291 3570 potitae
313 3485 422 3569 etqui
443 3506 555 3553 corum
575 3488 763 3571 presserant
783 3488 937 3573 vestigia,
955 3489 1037 3572 ,quin
1059 3489 1170 3555 multis
1191 3471 1324 3557 sorder'e
1345 3488 1437 3555 eide

172 3609 293 3686 rentur,
315 3601 388 3670 fieri
404 3622 471 3670 non
492 3602 608 3687 potuit.

257 3720 350 3785 Tunc
380 3719 605 3787 adolescentes
629 3719 767 3786 Romani
789 3740 810 3786 a
831 3719 965 3788 Graecis
991 3720 1159 3804 magistris
1185 3719 1362 3804 diligenter
1388 3719 1437 3785 in·

173 3835 279 3904 stituti
299 3835 551 3920 Alexandrinos,
568 3855 716 3932 ‘quorum
738 3854 778 3903 eo
798 3841 944 3920 tempore
972 3836 1115 3904 maxime
1140 3837 1277 3905 florebat
1298 3836 1437 3905 auotori-

173 3959 236 4038 tas,
258 3953 417 4035 effingere
439 3959 472 4019 et
500 3953 683 4037 exprimere
709 3952 852 4037 student,
885 3954 992 4020 nitore
1024 3960 1057 4020 et
1085 3955 1254 4038 elegantia
1284 3973 1437 4021 versuum

173 4088 234 4136 nec
255 4069 361 4136 minus
382 4069 522 4152 fortasse
541 4058 709 4137 doctrinae
730 4069 958 4138 reconditioris
980 4071 1077 4156 copia
1097 4070 1196 4155 eapti.
1232 4071 1346 4138 Cicero
1367 4072 1437 4154 qui·

174 4185 304 4254 demet
326 4185 397 4270 ejus
417 4187 572 4270 aequales
593 4186 703 4253 nimiis
726 4186 827 4254 etiam
849 4186 1011 4254 interdum
1034 4186 1186 4253 laudibus
1207 4187 1358 4269 antiquos
1381 4207 1436 4253 ex-

175 4301 294 4368 tollunt
315 4308 430 4386 politas
459 4309 491 4369 et
519 4303 576 4370 ille
605 4303 725 4388 partim
751 4302 1017 4388 indignabundus
1044 4303 1163 4389 partim
1193 4303 1332 4369 irridens
1363 4305 1437 4368 τῶν

173 4418 357 4502 νεωτέρων
379 4417 722 4506 (cie.Att.V11,2,1),
752 4426 920 4488 cantorum
946 4420 1165 4507 Euphorionis
1188 4421 1297 4502 (Tusc.
1310 4419 1437 4504 111,45)

173 4543 210 4604 ut
230 4535 397 4604 hominum
420 4536 588 4623 arroganti
616 4543 802 4623 contemptu
830 4543 976 4605 veterum
1002 4543 1036 4605 et
1062 4557 1141 4605 cura
1166 4543 1341 4606 metrorum
1369 4554 1437 4603 mo-
