3232 5250
772 306 810 370 ts

43 512 46 517 ¹
155 483 292 550 sciviam
325 489 358 552 et
390 486 566 553 duritatem
592 486 692 555 etiam
726 487 805 554 alibi
827 487 862 553 in
884 488 947 555 hac
965 508 1002 556 re
1024 488 1110 555 inter
1130 509 1167 557 se
1186 474 1430 576 opponi'apuu

156 602 393 682 Quintilianum
411 598 750 687 animadverterimus,
766 598 857 672 velut
877 606 935 689 IX,
950 607 982 689 4,
1001 608 1062 671 142
1078 606 1140 673 ait:
1154 608 1201 672 ⁴In
1222 607 1424 693 universum,

156 721 184 786 si
217 722 261 788 sit
288 741 433 806 necesse,
455 721 569 788 duram
591 721 699 806 potius
722 727 819 805 atque
841 742 993 806 asperam
1015 724 1284 807 compositionem
1307 720 1435 791 malim

157 861 240 925 esse,
262 860 359 925 quam
381 839 601 906 effeminatam
620 845 654 906 et
676 858 828 905 enervem
845 875 885 887 -
912 844 945 905 ct
967 840 1088 905 cotidie
1108 841 1216 924 magis
1230 841 1456 926 lascivimus„

4 986 28 1033 χ,
156 965 369 1044 syntonorum
390 956 496 1023 modis
518 957 704 1022 saltitantes
727 956 798 1038 (cir.
819 956 918 1022 etiam
941 957 982 1040 X,
1006 959 1035 1040 1,
1057 959 1098 1023 88
1121 963 1148 1023 lu
1169 959 1224 1042 IV,
1246 960 1275 1042 1,
1298 960 1364 1041 77).

78 1096 82 1103 ·
240 1067 469 1142 Cornelium
497 1073 657 1140 Gallum
685 1075 866 1156 (oss-728
895 1076 990 1156 au.)
1010 1073 1142 1160 Virgilii
1164 1081 1197 1141 et
1219 1074 1424 1158 aliquamdiu

155 1193 295 1278 Augusti
322 1191 473 1275 amicum,
485 1191 577 1275 cujus
597 1191 777 1274 elegiamm
788 1192 871 1257 nihil
893 1198 1005 1275 restat,
1017 1192 1236 1260 celebravisse
1253 1193 1327 1277 J'am
1350 1193 1425 1258 dixi

75 1310 309 1401 ‘gi-‚quattuor
330 1328 475 1376 amorum
493 1308 587 1373 libris
606 1307 828 1393 Cytheridem,
848 1328 944 1391 quam
966 1310 1050 1375 falso
1071 1309 1203 1376 nomine
1225 1309 1424 1394 Lycoridem

93 1410 122 1429 ²
148 1412 350 1512 appellavit,
371 1425 535 1518 tralaticio
558 1425 646 1492 enim
666 1445 757 1491 more
787 1426 822 1490 iu
852 1426 1021 1492 amatoriis
1055 1414 1254 1512 carminibus
1286 1426 1425 1494 nomina

111 1559 113 1563 ‘
156 1546 340 1631 puellarum
376 1563 506 1610 suarum
536 1549 702 1609 mutarunt
733 1550 862 1628 poetae,
890 1564 990 1628 saepe
1010 1565 1053 1611 cx
1071 1543 1235 1628 Apollinis
1257 1543 1426 1610 Musarum

156 1661 320 1748 praesidis
357 1660 605 1746 cognominibus
635 1661 737 1727 variis
766 1660 976 1728 deflectentes
1008 1698 1049 1710 -
1080 1663 1171 1728 velut
1200 1661 1332 1727 Deliam
1361 1681 1423 1753 pro

156 1780 275 1847 Plania
297 1779 382 1855 uixit
404 1778 565 1861 Tibullus,
587 1777 764 1862 Cynthium
785 1798 845 1862 pro
868 1778 986 1845 Hostia
1004 1779 1194 1862 Propertius
1218 1815 1256 1826 -
1276 1797 1426 1844 nonnun-

158 1917 255 1980 quam
276 1896 424 1981 poetriae
445 1895 588 1981 insignis
609 1896 742 1962 nominc
769 1915 826 1962 eas
854 1901 1018 1980 ornantes,
1056 1895 1218 1980 quomodo
1245 1895 1426 1984 Corinnam

156 2021 253 2081 vocat
284 2033 378 2081 suam
411 2012 558 2097 Ovidius,
591 2013 731 2095 fictaque
762 2012 897 2079 nomina
929 2019 964 2078 ut
995 2033 1068 2080 cum
1089 2013 1176 2079 veris
1198 2032 1263 2077 non
1285 2032 1422 2078 numero

157 2131 501 2215 tautumsyllabarum,
510 2129 569 2197 sed
580 2129 869 2212 etiamquantitate
877 2129 1239 2214 convenirent,operam
1251 2128 1424 2202 dederunt

241 2249 362 2333 Elegos
383 2246 679 2315 Alexandrinorum
701 2267 791 2313 more
812 2246 865 2312 vel
888 2252 965 2313 ante
988 2245 1118 2312 Gallum
1139 2248 1192 2313 vel
1215 2248 1331 2313 codem
1351 2247 1425 2315 lere

157 2370 303 2450 tempore
323 2364 494 2448 scripsisse
513 2384 609 2447 quum
623 2364 681 2430 alii
697 2363 857 2448 videntur,
876 2366 950 2430 tum'
959 2365 997 2430 P.
1011 2362 1185 2430 Terentius
1200 2364 1304 2430 Varro
1311 2363 1424 2430 Ataci-
1457 2455 1460 2462 Ι

158 2503 218 2550 nus
232 2487 271 2565 (c.
282 2466 448 2550 stt-m
461 2502 491 2547 a.
504 2484 549 2565 n.)
561 2487 595 2549 et
606 2481 642 2546 Ο.
653 2481 791 2577 Valgius
812 2482 914 2548 Rufus
937 2480 1066 2548 Horatii
1088 2480 1211 2547 amicus
1235 2483 1312 2564 (cos.
1335 2502 1366 2546 a
1389 2501 1423 2547 u.

157 2602 242 2684 742).
286 2600 379 2665 illius
399 2618 500 2684 opera
521 2598 696 2682 deperdita
716 2619 788 2668 esse
810 2620 875 2666 non
900 2599 972 2665 fieri
993 2604 1112 2684 potest,
1128 2598 1206 2681 quin
1222 2617 1322 2683 aegre
1337 2599 1425 2666 sera·
1447 2600 1449 2604 ’
1492 2675 1499 2692 ,

156 2736 237 2801 mus,
257 2716 334 2799 quia
352 2715 381 2782 is
403 2715 508 2800 primo
530 2715 629 2781 Ennii
650 2722 858 2800 veterumque
880 2716 1024 2800 vestigia
1055 2735 1194 2800 sequens
1211 2736 1313 2811 quum
1339 2735 1423 2800 epos

156 2834 340 2916 satirasque
362 2831 608 2916 composuisset,
632 2839 806 2916 postquam
826 2853 892 2899 non
914 2833 982 2918 jam
1004 2832 1197 2900 adolescens
1220 2825 1345 2900 Graece
1373 2832 1423 2900 di-

60 2970 72 2981 ··
157 2952 291 3036 dicorat,
313 2957 428 3036 poetas
447 2949 689 3016 Alexandrinos
703 2970 827 3016 summo
840 2949 948 3016 studio
962 2950 1107 3034 satisque
1118 2950 1258 3017 feliciter
1270 2950 1450 3040 (Quinti,
1512 2992 1514 2996 -

156 3070 198 3153 X,
233 3071 262 3154 1,
295 3071 350 3151 87)
383 3067 559 3152 partimin
592 3067 743 3134 Latinum
769 3067 907 3135 vertisse
928 3088 1111 3135 sermonem
1132 3069 1252 3152 partim
1274 3068 1424 3136 imitatus
1510 3045 1517 3053 ’

157 3207 229 3254 esse
259 3193 418 3270 narratur,
448 3205 548 3269 qnare
571 3184 605 3250 in
633 3184 681 3253 eis
704 3185 797 3269 quasi
824 3185 946 3269 gradus
967 3186 1210 3272 progredientis
1233 3186 1312 3252 artis
1333 3187 1422 3254 bene

155 3303 311 3388 cognosci
333 3302 480 3387 potuisse
501 3302 681 3388 putandum
704 3308 763 3369 est.

239 3421 266 3486 H
288 3420 391 3486 tribus
413 3420 496 3517 illis,
513 3421 568 3504 qui
590 3440 662 3487 cum
685 3419 780 3486 Gallo
803 3420 897 3503 quasi
930 3420 964 3485 in
997 3440 1165 3488 numerum
1197 3420 1422 3506 elegiacorum

156 3536 281 3605 redacti
298 3543 382 3621 sunt,
396 3537 473 3603 huic
490 3521 637 3621 tempore
652 3537 819 3621 proximus
836 3537 1046 3609 estfdlbius
1066 3537 1266 3621 Tibullus,
1293 3537 1421 3604 amicus
1512 3570 1520 3582 ·

155 3654 285 3721 Horatii
300 3654 444 3738 intimus,
461 3660 497 3719 ut
507 3660 669 3720 testantur
680 3660 712 3720 et
724 3674 856 3720 carmen
874 3655 912 3737 (I,
924 3654 980 3737 33)
991 3659 1024 3720 ct
1035 3653 1177 3738 epistola
1189 3656 1227 3739 (I,
1238 3656 1273 3738 4)
1286 3654 1329 3721 ad
1343 3674 1421 3721 eum
1464 3653 1467 3658 ’

155 3771 411 3839 familiarissime
429 3771 561 3855 scripta.
594 3773 637 3855 Is,
649 3776 685 3837 ut
691 3771 763 3856 jam
781 3771 860 3852 dixi,
879 3777 983 3838 tersus
1000 3778 1097 3854 atque
1117 3771 1253 3855 elegans
1276 3771 1423 3839 maxime

156 3889 284 3974 elegiae
306 3895 418 3956 auctor
441 3887 642 3966 Quintiliano
664 3888 795 3955 videtur
815 3895 848 3958 et
867 3909 941 3956 mea
976 3889 1141 3956 sententia
1167 3889 1311 3973 palmam
1332 3889 1422 3957 ferre

155 4006 262 4074 debet.
305 4008 343 4072 Iu
365 4007 496 4092 sylloga
517 4007 706 4092 carminum,
726 4028 810 4092 quae
831 4008 891 4075 sub
912 4007 1044 4073 nomine
1068 4006 1191 4073 Tibulli
1217 4005 1328 4090 fertur,
1351 4027 1421 4073 uon

154 4123 220 4191 nisi
250 4123 377 4208 elegiae
404 4124 574 4210 habentur,
603 4132 740 4211 excepto
761 4125 966 4211 Panegyrico
990 4125 1034 4192 ad
1055 4124 1254 4207 Messallam,
1276 4123 1421 4190 amicum

155 4241 226 4325 ejus
248 4247 425 4326 potentem,
447 4242 503 4326 qui
521 4243 720 4310 hexametris
742 4243 944 4327 conscriptus
967 4248 1032 4326 est;
1065 4241 1198 4308 tertium
1220 4247 1330 4308 autem
1351 4241 1421 4308 ele·

156 4358 284 4443 giarum
306 4358 424 4425 librum
445 4380 511 4427 non
522 4360 645 4426 Tibulli
667 4380 740 4427 esse
758 4361 830 4445 jam
850 4359 978 4452 pridem
1000 4358 1237 4426 demonstravit
1247 4358 1419 4426 lohannes
1509 4430 1511 4434 ,

154 4474 314 4557 Heuricus
329 4499 331 4503 ·
346 4476 491 4560 Vossius,
524 4476 657 4561 verique
688 4477 840 4545 similiter
866 4477 901 4543 in
931 4477 1027 4543 domo
1049 4475 1224 4543 Messallae
1246 4476 1288 4542 ab
1310 4475 1418 4543 imita-

155 4597 226 4659 tore
257 4592 398 4676 quodam
431 4591 554 4660 Tibulli
589 4593 807 4680 couscriptum
845 4613 918 4662 esse
956 4598 1082 4677 putant.
1145 4592 1285 4661 Carmen
1318 4611 1419 4660 unum
