3232 5250
747 128 766 163 ι
798 142 801 147 ,
833 162 837 169 Ι
935 130 944 143 Ι

744 192 763 201 ..
811 173 841 203 Η

485 268 494 285 ,
817 254 831 277 ,.
1057 212 1066 223 “
1171 238 1210 271 ι.
1286 180 1321 271 ⁴³..

495 302 520 353 ··
635 280 864 395 ··1t?·
964 306 977 329 ·
1092 280 1099 292 '

655 404 672 423 .,
1195 416 1211 441 ,
1262 444 1309 484 μ’
1362 430 1475 513 '⁸4

294 504 313 535 ι·
381 420 467 557 llam
488 434 612 559 castum
635 508 711 557 esse
706 489 825 613 diff
847 488 938 591 piam
958 457 1091 573 pesum
1191 544 1210 555 .„

322 609 512 692 Ipsum,
523 582 712 674 versi'culos
723 598 808 673 'imit
821 596 1005 690 necessest,
1382 634 1441 735 ζ
1477 668 1505 699 ,Ι

303 716 450 802 Quot
457 726 541 835 Q
547 723 709 825 donique
686 725 840 859 pabeant
861 723 965 791 salem
987 730 1033 790 ao
1048 726 1205 807 leporem,
1272 744 1284 763 ·
1454 732 1535 835 'J'

287 832 291 839 ’
381 840 430 911 St
438 834 524 909 sunt
528 798 701 907 mollrculr
711 860 751 908 cc
772 860 888 923 parum
910 838 1111 924 pudrcr
1332 824 1342 841 ⁰
1410 830 1416 843 '
1497 820 1503 827 ’
1520 816 1532 825 ⁵*

282 929 447 1024 lli
441 957 533 1070 quod
552 959 687 1042 pruriat,
709 958 847 1025 incitare
869 939 1082 1042 possuntne?j

281 1070 461 1171 Nep
472 1072 551 1142 dico
573 1077 694 1160 pueris,
717 1076 776 1142 sed
797 1071 997 1161 histpilosis,
1113 1064 1123 1079 ⁵

124 1228 129 1241 ·
302 1188 444 1270 Qui
466 1192 564 1260 duros
586 1200 750 1276 nequeunt
762 1212 899 1260 movere
921 1191 1058 1274 lumbos,

180 1310 244 1383 ita
244 1292 402 1378 uvidus
393 1309 520 1397 (unet.
542 1310 585 1392 ΙΙ,
607 1311 670 1376 353
691 1311 793 1393 sqq.:)

28 1422 50 1457 ’·
289 1386 485 1493 ,td-iede
506 1426 597 1510 mihi,
619 1426 744 1494 distant
766 1444 872 1497 mores
895 1448 916 1495 a
937 1425 1085 1493 earmina
1103 1431 1215 1495 nostro

422 1543 500 1611 Vita
519 1544 705 1613 verecunda
727 1550 787 1627 est,
808 1544 933 1611 Musa
918 1562 1036 1628 Jocosa
1057 1561 1141 1624 mea,

378 1660 563 1745 Magnaque
586 1679 663 1745 pars
686 1680 819 1745 opernm
840 1660 984 1729 mendax
1005 1666 1038 1727 et
1059 1659 1136 1729 ficta
1157 1678 1301 1730 meorum

421 1777 500 1843 Plus
521 1776 585 1843 sibi
607 1776 756 1860 permisit
777 1776 995 1862 compositore
1018 1795 1087 1843 suo.

262 1894 348 1960 Nam
370 1912 405 1960 re
427 1912 541 1961 verae
561 1894 695 1979 propris
716 1900 886 1978 podtarnm
907 1893 978 1961 uita
1000 1894 1111 1960 omnia
1125 1892 1225 1961 fluere
1247 1897 1282 1959 ut
1303 1897 1448 1976 statues,

4 2024 8 2031 '
41 2086 46 2093 ,
85 2016 87 2019 ’
179 2011 235 2080 uix
266 2011 337 2077 fieri
367 2010 499 2094 poterit,
531 2010 561 2076 si
589 2010 715 2095 elegias
749 2031 860 2078 eorum
893 2011 1076 2081 accuratius
1105 2008 1324 2094 spectaveris3
1356 2008 1448 2080 adeo

178 2129 297 2194 multos
320 2127 414 2211 quasi
436 2146 622 2194 communes
644 2129 734 2194 locos
756 2127 961 2211 offendimus,
980 2127 1095 2210 quibus
1114 2131 1214 2195 antea
1234 2124 1447 2211 praeparatis

179 2264 291 2311 omnes
324 2244 425 2312 alium
457 2244 524 2311 alio
556 2245 653 2311 modo
686 2244 734 2310 nti
755 2243 914 2328 videmus,
937 2250 971 2312 et
990 2243 1122 2313 omnino
1143 2243 1258 2328 typica
1278 2241 1446 2326 quaedam

178 2380 285 2453 rerum
308 2367 341 2427 et
362 2361 536 2428 affectuum
551 2362 656 2428 forma
677 2381 742 2427 non
764 2382 838 2428 raro
861 2367 1008 2446 apparet.

195 2462 358 2546 ''l-'Oaros
379 2478 415 2544 hi
437 2478 620 2563 «nequitiae
641 2498 720 2546 suae
742 2484 877 2563 politae»
900 2477 1009 2561 (ovid.
1030 2492 1093 2544 am}
1107 2479 1148 2560 ΙΙ,
1167 2479 1195 2560 1,
1210 2464 1241 2560 2,
1263 2476 1319 2549 cfr.
1341 2477 1444 2560 Prop.

177 2596 220 2680 11,
242 2595 294 2678 23,
307 2597 340 2676 6)
362 2615 428 2663 non
449 2581 641 2663 libidinibus
660 2595 850 2679 perturbati,
873 2594 1019 2662 carmina
1040 2593 1207 2677 fuderunt3
1230 2598 1314 2677 sunt,
1335 2597 1371 2662 ut
1391 2591 1446 2661 ait

176 2712 398 2780 Bernhardius
413 2713 464 2797 (R.
480 2713 536 2779 La
553 2733 587 2796 p.
603 2713 679 2794 544)
694 2711 736 2781 dc
750 2711 931 2797 Propertio,
954 2718 1225 2781 commentatores
1245 2709 1444 2794 gaudiorum

38 2898 76 2927 w
177 2835 210 2896 et
241 2827 389 2899 dolorum
422 2847 566 2912 suorum3
598 2828 684 2898 istor
714 2828 917 2912 voluptatem
951 2835 984 2895 et
1012 2828 1160 2899 ultimam
1186 2828 1300 2897 limam
1320 2833 1446 2911 poetas

6 2978 99 3031 a
176 2946 312 3013 multum
344 2944 573 3029 interpositum
604 2951 655 3011 est
685 2965 751 3012 non
784 2946 889 3013 solum
919 2946 1086 3030 temporis,
1115 2945 1296 3017 sedetiam
1315 2944 1443 3029 cogita·
1526 2943 1528 2947 ’

4 3050 63 3111 '⁶³³
77 3040 94 3065 '⁴
177 3061 277 3130 tionis
303 3068 337 3129 et
369 3061 609 3146 meditationis;
641 3081 707 3128 non
734 3061 909 3131 libididine
942 3063 1106 3146 ardentes,
1144 3061 1203 3129 sed
1240 3061 1443 3146 praeteritae

176 3179 261 3247 bene
283 3198 443 3266 memores
465 3179 619 3262 scribunt,
632 3185 665 3245 et
687 3186 810 3262 quanta
831 3199 903 3246 cum
925 3186 996 3246 arte
1018 3185 1051 3247 et
1071 3179 1232 3266 uarietate
1254 3179 1382 3249 alterna
1402 3199 1444 3256 se

171 3296 293 3380 jactari
315 3295 350 3364 in
370 3296 460 3363 unda
481 3298 590 3379 (Prop.
612 3297 655 3380 ΙΙ,
678 3297 728 3380 13,
751 3298 784 3378 Ι)
807 3296 1040 3365 demonstrant.
1083 3297 1178 3362 Nunc
1198 3295 1384 3366 incitatione
1406 3303 1444 3367 ot

175 3412 427 3496 uehementiore,
449 3433 535 3481 nunc
556 3413 681 3482 leniore
702 3420 735 3481 et
756 3413 981 3498 tranquilliore
993 3420 1163 3483 moventur
1184 3413 1286 3485 animi
1309 3413 1441 3500 affectu,

176 3531 281 3599 donec
312 3530 427 3599 sedato
458 3530 578 3599 mentis
615 3533 753 3599 tumultu
783 3531 990 3614 requiescunt
1008 3533 1061 3600 vel
1077 3537 1191 3616 pectus
1217 3532 1335 3603 sutem
1364 3550 1440 3607 seu-

63 3741 65 3745 *
176 3647 265 3715 sibus
303 3647 407 3717 libare
445 3653 479 3714 et
517 3647 615 3731 plene
654 3647 819 3730 expressis
857 3650 994 3719 leuatur.
1056 3647 1182 3719 Latiari
1214 3647 1312 3732 hujus
1340 3648 1441 3715 affec

175 3770 265 3833 tuum
307 3769 414 3833 motus
456 3762 655 3848 expositioni
693 3763 830 3835 inseruit
868 3765 966 3849 copia
1005 3765 1230 3849 exemplorum
1273 3773 1306 3840 st
1347 3766 1440 3842 simi·

174 3880 265 3964 lium,
298 3899 382 3964 qnae
414 3880 595 3952 maximam
625 3888 753 3965 partem
780 3902 799 3951 s
831 3881 950 3955 fabulis
984 3883 1215 3967 mythologiois
1242 3882 1347 3968 petita
1367 3903 1440 3959 cau-

174 3997 265 4063 mina
296 3997 471 4082 illustrant,
504 3997 777 4081 quemadmodum
809 3999 974 4067 orationes
1000 3999 1125 4072 lumina
1146 3999 1288 4076 dimoti.
1343 3998 1440 4081 Quas

174 4113 372 4181 consuetudo
395 4119 431 4180 ut
453 4114 587 4181 minime
610 4115 652 4181 ab
668 4115 802 4199 ingenio
813 4117 1032 4184 Romanorum
1055 4118 1218 4201 abhorret,
1241 4117 1297 4202 qui
1318 4123 1440 4188 natura

174 4229 412 4314 quodammodo
435 4230 478 4297 ad
499 4231 695 4298 rhetoricam
718 4233 963 4301 ferebantur-
992 4241 1025 4300 et
1045 4234 1218 4301 videbatur
1239 4234 1280 4300 iis
1302 4234 1437 4302 omnino

173 4346 283 4432 poesis
306 4347 511 4431 eloquentiae
532 4368 609 4432 pars
628 4349 699 4434 (cir.
721 4349 810 4414 Dial.
842 4350 884 4423 de
903 4369 948 4415 or.
973 4350 1027 4434 10)
1049 4351 1293 4436 oratoriumqne
1310 4351 1439 4435 aliquid

174 4464 263 4549 apud
283 4466 455 4548 plerosque
477 4484 587 4530 eornm
610 4472 725 4553 poetas
758 4465 1003 4551 deprehendere
1025 4467 1103 4541 licet
1124 4467 1225 4544 etiam
1246 4488 1342 4551 quum
1363 4467 1437 4536 rhe-

172 4586 278 4649 torum
311 4579 487 4667 disciplina
517 4580 661 4660 noudum
687 4601 800 4659 omues
819 4582 1074 4662 adulescntuli
1106 4585 1360 4663 instituebantur
1393 4621 1437 4636 -
