<?xml version="1.0" encoding="UTF-8"?>
<!DOCTYPE html PUBLIC "-//W3C//DTD XHTML 1.0 Transitional//EN"
    "http://www.w3.org/TR/xhtml1/DTD/xhtml1-transitional.dtd">
<html xmlns="http://www.w3.org/1999/xhtml" xml:lang="en" lang="en">
 <head>
  <title>
</title>
<meta http-equiv="Content-Type" content="text/html;charset=utf-8" />
  <meta name='ocr-system' content='tesseract 3.04.00' />
  <meta name='ocr-capabilities' content='ocr_page ocr_carea ocr_par ocr_line ocrx_word'/>
</head>
<body>
  <div class='ocr_page' id='page_1' title='image "./deelegiaetpecul00johagoog_0019.png"; bbox 0 0 3232 5250; ppageno 0'>
   <div class='ocr_carea' id='block_1_1' title="bbox 515 246 1279 407">
    <p class='ocr_par' dir='ltr' id='par_1_1' title="bbox 515 246 1279 407">
     <span class='ocr_line' id='line_1_1' title="bbox 976 246 1152 281; baseline 0 -30"><span class='ocrx_word' id='word_1_1' title='bbox 976 246 979 251; x_wconf 75' lang='grc'>,</span> <span class='ocrx_word' id='word_1_2' title='bbox 1058 250 1077 273; x_wconf 50' lang='grc' dir='ltr'><em>γ</em></span> <span class='ocrx_word' id='word_1_3' title='bbox 1122 262 1152 281; x_wconf 39' lang='grc' dir='ltr'><strong>ΙΙ</strong></span> 
     </span>
     <span class='ocr_line' id='line_1_2' title="bbox 618 285 1246 309; baseline -0.003 0"><span class='ocrx_word' id='word_1_4' title='bbox 618 300 625 309; x_wconf 79' lang='grc'><em>.</em></span> <span class='ocrx_word' id='word_1_5' title='bbox 1115 285 1152 307; x_wconf 78' lang='grc'><strong>-’.</strong></span> <span class='ocrx_word' id='word_1_6' title='bbox 1230 286 1246 307; x_wconf 65' lang='lat' dir='ltr'><strong>d</strong></span> 
     </span>
     <span class='ocr_line' id='line_1_3' title="bbox 713 318 1131 342; baseline 0.002 -1"><span class='ocrx_word' id='word_1_7' title='bbox 713 324 717 331; x_wconf 75' lang='lat'><em>⁴</em></span> <span class='ocrx_word' id='word_1_8' title='bbox 997 333 1001 339; x_wconf 93' lang='lat'><em>-</em></span> <span class='ocrx_word' id='word_1_9' title='bbox 1052 334 1056 339; x_wconf 87' lang='lat'><em>-</em></span> <span class='ocrx_word' id='word_1_10' title='bbox 1092 318 1131 342; x_wconf 66' lang='grc' dir='ltr'><strong>’.ι</strong></span> 
     </span>
     <span class='ocr_line' id='line_1_4' title="bbox 515 318 1279 395; baseline 0 -14"><span class='ocrx_word' id='word_1_11' title='bbox 515 370 524 395; x_wconf 39' lang='grc' dir='ltr'><strong>,Ι</strong></span> <span class='ocrx_word' id='word_1_12' title='bbox 823 318 862 381; x_wconf 78' lang='grc'><strong>16</strong></span> <span class='ocrx_word' id='word_1_13' title='bbox 951 356 963 381; x_wconf 76' lang='grc' dir='ltr'><strong><em>ο</em></strong></span> <span class='ocrx_word' id='word_1_14' title='bbox 1021 352 1027 359; x_wconf 88' lang='grc'><strong><em>·</em></strong></span> <span class='ocrx_word' id='word_1_15' title='bbox 1076 345 1101 357; x_wconf 86' lang='lat'><strong>&#39;&#39;</strong></span> <span class='ocrx_word' id='word_1_16' title='bbox 1272 345 1279 355; x_wconf 83' lang='lat'><em>&#39;</em></span> 
     </span>
     <span class='ocr_line' id='line_1_5' title="bbox 1224 392 1271 407; baseline 0 -5"><span class='ocrx_word' id='word_1_17' title='bbox 1224 392 1231 407; x_wconf 62' lang='lat' dir='ltr'>j</span> <span class='ocrx_word' id='word_1_18' title='bbox 1267 394 1271 402; x_wconf 58' lang='grc' dir='ltr'>ι</span> 
     </span>
    </p>
   </div>
   <div class='ocr_carea' id='block_1_2' title="bbox 110 464 1554 1287">
    <p class='ocr_par' dir='ltr' id='par_1_2' title="bbox 207 464 1554 937">
     <span class='ocr_line' id='line_1_6' title="bbox 210 464 1554 591; baseline -0.007 -23"><span class='ocrx_word' id='word_1_19' title='bbox 210 498 299 570; x_wconf 83' lang='lat' dir='ltr'><strong>disse</strong></span> <span class='ocrx_word' id='word_1_20' title='bbox 320 488 440 585; x_wconf 81' lang='lat' dir='ltr'><strong>ubiqu&#39;e</strong></span> <span class='ocrx_word' id='word_1_21' title='bbox 462 500 531 567; x_wconf 82' lang='lat' dir='ltr'><strong>fers</strong></span> <span class='ocrx_word' id='word_1_22' title='bbox 552 464 665 567; x_wconf 62' lang='lat' dir='ltr'><strong>didere</strong></span> <span class='ocrx_word' id='word_1_23' title='bbox 684 500 772 583; x_wconf 90' lang='lat' dir='ltr'><strong>licet,</strong></span> <span class='ocrx_word' id='word_1_24' title='bbox 794 520 870 564; x_wconf 90' lang='lat' dir='ltr'><strong>nam</strong></span> <span class='ocrx_word' id='word_1_25' title='bbox 893 498 1027 565; x_wconf 86' lang='lat' dir='ltr'><strong>affectus</strong></span> <span class='ocrx_word' id='word_1_26' title='bbox 1044 496 1149 564; x_wconf 78' lang='lat' dir='ltr'><strong>animi</strong></span> <span class='ocrx_word' id='word_1_27' title='bbox 1140 495 1321 591; x_wconf 74' lang='lat' dir='ltr'><strong>&#39;describit</strong></span> <span class='ocrx_word' id='word_1_28' title='bbox 1336 495 1393 564; x_wconf 90' lang='lat' dir='ltr'><strong>ille</strong></span> <span class='ocrx_word' id='word_1_29' title='bbox 1410 493 1479 580; x_wconf 93' lang='lat' dir='ltr'><strong>qui·</strong></span> <span class='ocrx_word' id='word_1_30' title='bbox 1551 478 1554 482; x_wconf 31' lang='lat'>⁵</span> 
     </span>
     <span class='ocr_line' id='line_1_7' title="bbox 209 613 1478 727; baseline -0.004 -42"><span class='ocrx_word' id='word_1_31' title='bbox 209 618 284 686; x_wconf 90' lang='lat' dir='ltr'><strong>dem</strong></span> <span class='ocrx_word' id='word_1_32' title='bbox 303 617 513 702; x_wconf 84' lang='lat' dir='ltr'><strong>facetissime,</strong></span> <span class='ocrx_word' id='word_1_33' title='bbox 535 617 594 683; x_wconf 89' lang='lat' dir='ltr'><strong>sed</strong></span> <span class='ocrx_word' id='word_1_34' title='bbox 616 637 690 683; x_wconf 91' lang='lat' dir='ltr'><strong>raro</strong></span> <span class='ocrx_word' id='word_1_35' title='bbox 718 616 759 682; x_wconf 92' lang='lat' dir='ltr'><strong>iis</strong></span> <span class='ocrx_word' id='word_1_36' title='bbox 782 621 887 683; x_wconf 88' lang='lat' dir='ltr'><strong>motus</strong></span> <span class='ocrx_word' id='word_1_37' title='bbox 916 615 989 701; x_wconf 91' lang='lat' dir='ltr'><strong>ipse</strong></span> <span class='ocrx_word' id='word_1_38' title='bbox 1015 613 1154 698; x_wconf 85' lang='lat' dir='ltr'><strong>videtur,</strong></span> <span class='ocrx_word' id='word_1_39' title='bbox 1188 620 1221 681; x_wconf 93' lang='lat' dir='ltr'><strong>et</strong></span> <span class='ocrx_word' id='word_1_40' title='bbox 1243 633 1362 727; x_wconf 74' lang='lat' dir='ltr'><strong>saepe</strong></span> <span class='ocrx_word' id='word_1_41' title='bbox 1370 633 1478 698; x_wconf 79' lang='lat' dir='ltr'><strong>argu·</strong></span> 
     </span>
     <span class='ocr_line' id='line_1_8' title="bbox 208 716 1479 819; baseline -0.005 -16"><span class='ocrx_word' id='word_1_42' title='bbox 208 742 319 803; x_wconf 88' lang='lat' dir='ltr'><strong>menta</strong></span> <span class='ocrx_word' id='word_1_43' title='bbox 341 734 446 802; x_wconf 89' lang='lat' dir='ltr'><strong>aliis</strong></span> <span class='ocrx_word' id='word_1_44' title='bbox 431 755 503 819; x_wconf 80' lang='lat' dir='ltr'><strong>Jam</strong></span> <span class='ocrx_word' id='word_1_45' title='bbox 525 735 686 802; x_wconf 88' lang='lat' dir='ltr'><strong>traetata</strong></span> <span class='ocrx_word' id='word_1_46' title='bbox 677 755 711 800; x_wconf 93' lang='grc' dir='ltr'><strong>ιιι</strong></span> <span class='ocrx_word' id='word_1_47' title='bbox 723 733 976 800; x_wconf 79' lang='lat' dir='ltr'><strong>ostentationem</strong></span> <span class='ocrx_word' id='word_1_48' title='bbox 987 731 1040 799; x_wconf 84' lang='lat' dir='ltr'><strong>vel</strong></span> <span class='ocrx_word' id='word_1_49' title='bbox 1058 724 1359 816; x_wconf 76' lang='lat' dir='ltr'><strong>comparationem</strong></span> <span class='ocrx_word' id='word_1_50' title='bbox 1350 716 1479 817; x_wconf 84' lang='lat' dir='ltr'><strong>mgen&#39;ii</strong></span> 
     </span>
     <span class='ocr_line' id='line_1_9' title="bbox 207 842 1476 937; baseline 0 -21"><span class='ocrx_word' id='word_1_51' title='bbox 207 851 374 919; x_wconf 88' lang='lat' dir='ltr'><strong>ludentem</strong></span> <span class='ocrx_word' id='word_1_52' title='bbox 389 872 463 919; x_wconf 92' lang='lat' dir='ltr'><strong>eum</strong></span> <span class='ocrx_word' id='word_1_53' title='bbox 478 851 656 937; x_wconf 76' lang='lat' dir='ltr'><strong>arripuisse</strong></span> <span class='ocrx_word' id='word_1_54' title='bbox 679 850 803 918; x_wconf 87' lang='lat' dir='ltr'><strong>credas.</strong></span> <span class='ocrx_word' id='word_1_55' title='bbox 838 842 1012 935; x_wconf 79' lang='lat' dir='ltr'>Corinnae,</span> <span class='ocrx_word' id='word_1_56' title='bbox 1034 870 1131 933; x_wconf 88' lang='lat' dir='ltr'><strong>quam</strong></span> <span class='ocrx_word' id='word_1_57' title='bbox 1148 871 1184 916; x_wconf 88' lang='lat' dir='ltr'><strong>re</strong></span> <span class='ocrx_word' id='word_1_58' title='bbox 1199 870 1278 916; x_wconf 86' lang='lat' dir='ltr'><strong>vera</strong></span> <span class='ocrx_word' id='word_1_59' title='bbox 1294 869 1330 915; x_wconf 86' lang='lat' dir='ltr'><strong>se</strong></span> <span class='ocrx_word' id='word_1_60' title='bbox 1345 856 1476 916; x_wconf 79' lang='lat' dir='ltr'><strong>amasse</strong></span> 
     </span>
    </p>

    <p class='ocr_par' dir='ltr' id='par_1_3' title="bbox 110 964 1478 1287">
     <span class='ocr_line' id='line_1_10' title="bbox 209 964 1478 1054; baseline -0.003 -19"><span class='ocrx_word' id='word_1_61' title='bbox 209 968 289 1035; x_wconf 88' lang='lat' dir='ltr'><strong>alibi</strong></span> <span class='ocrx_word' id='word_1_62' title='bbox 309 974 447 1036; x_wconf 90' lang='lat' dir='ltr'><strong>testatur</strong></span> <span class='ocrx_word' id='word_1_63' title='bbox 469 974 568 1053; x_wconf 78' lang='lat' dir='ltr'><strong>poe&#39;ta</strong></span> <span class='ocrx_word' id='word_1_64' title='bbox 584 969 637 1054; x_wconf 87' lang='grc' dir='ltr'><strong>(Α.</strong></span> <span class='ocrx_word' id='word_1_65' title='bbox 653 990 683 1035; x_wconf 91' lang='lat' dir='ltr'><strong>a.</strong></span> <span class='ocrx_word' id='word_1_66' title='bbox 699 969 759 1053; x_wconf 89' lang='lat' dir='ltr'><strong>III,</strong></span> <span class='ocrx_word' id='word_1_67' title='bbox 776 969 855 1052; x_wconf 76' lang='lat'><strong>5383</strong></span> <span class='ocrx_word' id='word_1_68' title='bbox 879 967 978 1033; x_wconf 79' lang='lat' dir='ltr'><strong>Trist.</strong></span> <span class='ocrx_word' id='word_1_69' title='bbox 994 967 1050 1050; x_wconf 94' lang='lat' dir='ltr'><strong>IV,</strong></span> <span class='ocrx_word' id='word_1_70' title='bbox 1074 968 1123 1050; x_wconf 92' lang='grc'><strong>10,</strong></span> <span class='ocrx_word' id='word_1_71' title='bbox 1147 964 1380 1051; x_wconf 77' lang='grc' dir='ltr'>60),ιὶιίᾱιιιι</span> <span class='ocrx_word' id='word_1_72' title='bbox 1402 985 1478 1031; x_wconf 91' lang='lat' dir='ltr'><strong>eum</strong></span> 
     </span>
     <span class='ocr_line' id='line_1_11' title="bbox 110 1063 1478 1170; baseline -0.001 -20"><span class='ocrx_word' id='word_1_73' title='bbox 110 1063 112 1068; x_wconf 33' lang='lat'>¹</span> <span class='ocrx_word' id='word_1_74' title='bbox 210 1084 383 1168; x_wconf 78' lang='lat' dir='ltr'><strong>reliquisse</strong></span> <span class='ocrx_word' id='word_1_75' title='bbox 405 1085 584 1170; x_wconf 81' lang='lat' dir='ltr'><strong>imaginem</strong></span> <span class='ocrx_word' id='word_1_76' title='bbox 611 1084 668 1154; x_wconf 80' lang='lat' dir='ltr'><strong>vix</strong></span> <span class='ocrx_word' id='word_1_77' title='bbox 695 1084 866 1168; x_wconf 75' lang='lat' dir='ltr'><strong>quitquam</strong></span> <span class='ocrx_word' id='word_1_78' title='bbox 894 1083 1024 1166; x_wconf 87' lang='lat' dir='ltr'><strong>dixerit,</strong></span> <span class='ocrx_word' id='word_1_79' title='bbox 1053 1083 1285 1166; x_wconf 81' lang='lat' dir='ltr'><strong>commodeque</strong></span> <span class='ocrx_word' id='word_1_80' title='bbox 1316 1077 1362 1150; x_wconf 86' lang='lat' dir='ltr'><strong>et</strong></span> <span class='ocrx_word' id='word_1_81' title='bbox 1382 1087 1478 1148; x_wconf 87' lang='lat' dir='ltr'><strong>acute</strong></span> 
     </span>
     <span class='ocr_line' id='line_1_12' title="bbox 200 1199 1477 1287; baseline -0.003 -19"><span class='ocrx_word' id='word_1_82' title='bbox 200 1202 333 1269; x_wconf 85' lang='lat' dir='ltr'><strong>dietum</strong></span> <span class='ocrx_word' id='word_1_83' title='bbox 348 1208 416 1287; x_wconf 79' lang='lat' dir='ltr'><strong>est,</strong></span> <span class='ocrx_word' id='word_1_84' title='bbox 438 1201 485 1267; x_wconf 90' lang='lat' dir='ltr'><strong>nil</strong></span> <span class='ocrx_word' id='word_1_85' title='bbox 506 1201 613 1268; x_wconf 78' lang='lat' dir='ltr'><strong>videri</strong></span> <span class='ocrx_word' id='word_1_86' title='bbox 633 1203 773 1286; x_wconf 89' lang='lat' dir='ltr'><strong>obstare,</strong></span> <span class='ocrx_word' id='word_1_87' title='bbox 801 1202 971 1285; x_wconf 79' lang='lat' dir='ltr'><strong>quominus</strong></span> <span class='ocrx_word' id='word_1_88' title='bbox 1001 1201 1135 1286; x_wconf 84' lang='lat' dir='ltr'><strong>longam</strong></span> <span class='ocrx_word' id='word_1_89' title='bbox 1161 1201 1328 1285; x_wconf 79' lang='lat' dir='ltr'><strong>elegorum</strong></span> <span class='ocrx_word' id='word_1_90' title='bbox 1355 1199 1477 1267; x_wconf 87' lang='lat' dir='ltr'><strong>seriem</strong></span> 
     </span>
    </p>
   </div>
   <div class='ocr_carea' id='block_1_3' title="bbox 70 1318 1473 1414">
    <p class='ocr_par' dir='ltr' id='par_1_4' title="bbox 70 1318 1473 1414">
     <span class='ocr_line' id='line_1_13' title="bbox 70 1318 1473 1414; baseline -0.003 -28"><span class='ocrx_word' id='word_1_91' title='bbox 70 1401 75 1414; x_wconf 31' lang='lat'>⁸</span> <span class='ocrx_word' id='word_1_92' title='bbox 209 1339 273 1386; x_wconf 94' lang='lat' dir='ltr'><strong>uno</strong></span> <span class='ocrx_word' id='word_1_93' title='bbox 295 1326 408 1387; x_wconf 87' lang='lat' dir='ltr'><strong>tenore</strong></span> <span class='ocrx_word' id='word_1_94' title='bbox 429 1319 519 1385; x_wconf 92' lang='lat' dir='ltr'><strong>nullo</strong></span> <span class='ocrx_word' id='word_1_95' title='bbox 542 1319 644 1386; x_wconf 90' lang='lat' dir='ltr'><strong>animi</strong></span> <span class='ocrx_word' id='word_1_96' title='bbox 665 1324 754 1385; x_wconf 91' lang='lat' dir='ltr'><strong>motu</strong></span> <span class='ocrx_word' id='word_1_97' title='bbox 776 1319 999 1404; x_wconf 89' lang='lat' dir='ltr'><strong>perturbatum</strong></span> <span class='ocrx_word' id='word_1_98' title='bbox 1022 1318 1202 1385; x_wconf 85' lang='lat' dir='ltr'><strong>confecisse</strong></span> <span class='ocrx_word' id='word_1_99' title='bbox 1222 1337 1296 1386; x_wconf 90' lang='lat' dir='ltr'><strong>eum</strong></span> <span class='ocrx_word' id='word_1_100' title='bbox 1312 1324 1473 1403; x_wconf 88' lang='lat' dir='ltr'><strong>putemus.</strong></span> 
     </span>
    </p>
   </div>
   <div class='ocr_carea' id='block_1_4' title="bbox 209 1433 1479 2695">
    <p class='ocr_par' dir='ltr' id='par_1_5' title="bbox 209 1433 1477 1638">
     <span class='ocr_line' id='line_1_14' title="bbox 209 1433 1477 1521; baseline -0.002 -19"><span class='ocrx_word' id='word_1_101' title='bbox 209 1437 283 1502; x_wconf 89' lang='lat' dir='ltr'><strong>Non</strong></span> <span class='ocrx_word' id='word_1_102' title='bbox 306 1455 431 1520; x_wconf 84' lang='lat' dir='ltr'><strong>paucae</strong></span> <span class='ocrx_word' id='word_1_103' title='bbox 453 1443 541 1504; x_wconf 85' lang='lat' dir='ltr'><strong>certe</strong></span> <span class='ocrx_word' id='word_1_104' title='bbox 566 1436 695 1521; x_wconf 80' lang='lat' dir='ltr'><strong>elegiae</strong></span> <span class='ocrx_word' id='word_1_105' title='bbox 722 1436 805 1502; x_wconf 92' lang='lat' dir='ltr'><strong>nihil</strong></span> <span class='ocrx_word' id='word_1_106' title='bbox 832 1443 907 1504; x_wconf 89' lang='lat' dir='ltr'><strong>sunt</strong></span> <span class='ocrx_word' id='word_1_107' title='bbox 939 1436 1004 1502; x_wconf 90' lang='lat' dir='ltr'><strong>nisi</strong></span> <span class='ocrx_word' id='word_1_108' title='bbox 1037 1435 1293 1503; x_wconf 89' lang='lat' dir='ltr'><strong>declamationes</strong></span> <span class='ocrx_word' id='word_1_109' title='bbox 1328 1433 1477 1502; x_wconf 86' lang='lat' dir='ltr'><strong>versibus</strong></span> 
     </span>
     <span class='ocr_line' id='line_1_15' title="bbox 211 1553 1039 1638; baseline 0.001 -20"><span class='ocrx_word' id='word_1_110' title='bbox 211 1553 416 1638; x_wconf 87' lang='lat' dir='ltr'><strong>conscriptae</strong></span> <span class='ocrx_word' id='word_1_111' title='bbox 438 1553 478 1636; x_wconf 91' lang='grc' dir='ltr'><strong>(Ι,</strong></span> <span class='ocrx_word' id='word_1_112' title='bbox 500 1554 710 1638; x_wconf 79' lang='lat' dir='ltr'><strong>11s12;11,</strong></span> <span class='ocrx_word' id='word_1_113' title='bbox 733 1553 838 1637; x_wconf 72' lang='lat' dir='ltr'><strong>ast,</strong></span> <span class='ocrx_word' id='word_1_114' title='bbox 861 1554 903 1637; x_wconf 88' lang='grc' dir='ltr'><strong>ΙΙ,</strong></span> <span class='ocrx_word' id='word_1_115' title='bbox 926 1555 1039 1636; x_wconf 72' lang='lat' dir='ltr'><strong>iss).</strong></span> 
     </span>
    </p>

    <p class='ocr_par' dir='ltr' id='par_1_6' title="bbox 212 1668 1479 2107">
     <span class='ocr_line' id='line_1_16' title="bbox 294 1668 1479 1755; baseline -0.001 -19"><span class='ocrx_word' id='word_1_116' title='bbox 294 1669 339 1736; x_wconf 90' lang='lat' dir='ltr'><strong>Ut</strong></span> <span class='ocrx_word' id='word_1_117' title='bbox 359 1668 539 1737; x_wconf 88' lang='lat' dir='ltr'><strong>rhetoricus</strong></span> <span class='ocrx_word' id='word_1_118' title='bbox 561 1671 618 1738; x_wconf 87' lang='lat' dir='ltr'><strong>ille</strong></span> <span class='ocrx_word' id='word_1_119' title='bbox 639 1670 739 1755; x_wconf 80' lang='lat' dir='ltr'><strong>lusus,</strong></span> <span class='ocrx_word' id='word_1_120' title='bbox 761 1671 809 1737; x_wconf 89' lang='lat' dir='ltr'><strong>ita</strong></span> <span class='ocrx_word' id='word_1_121' title='bbox 830 1671 930 1738; x_wconf 91' lang='lat' dir='ltr'><strong>etiam</strong></span> <span class='ocrx_word' id='word_1_122' title='bbox 952 1671 1096 1737; x_wconf 86' lang='lat' dir='ltr'><strong>obscena</strong></span> <span class='ocrx_word' id='word_1_123' title='bbox 1110 1677 1142 1737; x_wconf 88' lang='lat' dir='ltr'><strong>et</strong></span> <span class='ocrx_word' id='word_1_124' title='bbox 1156 1671 1273 1755; x_wconf 91' lang='lat' dir='ltr'><strong>putida</strong></span> <span class='ocrx_word' id='word_1_125' title='bbox 1288 1669 1401 1754; x_wconf 93' lang='lat' dir='ltr'><strong>libido,</strong></span> <span class='ocrx_word' id='word_1_126' title='bbox 1423 1670 1479 1736; x_wconf 86' lang='lat' dir='ltr'><strong>vel</strong></span> 
     </span>
     <span class='ocr_line' id='line_1_17' title="bbox 212 1786 1479 1884; baseline -0.001 -30"><span class='ocrx_word' id='word_1_127' title='bbox 212 1788 321 1873; x_wconf 88' lang='lat' dir='ltr'><strong>potius</strong></span> <span class='ocrx_word' id='word_1_128' title='bbox 343 1787 489 1856; x_wconf 82' lang='lat' dir='ltr'><strong>ironicae</strong></span> <span class='ocrx_word' id='word_1_129' title='bbox 511 1787 751 1871; x_wconf 90' lang='lat' dir='ltr'><strong>quodammodo</strong></span> <span class='ocrx_word' id='word_1_130' title='bbox 781 1786 955 1884; x_wconf 84' lang='lat' dir='ltr'><strong>libidinum</strong></span> <span class='ocrx_word' id='word_1_131' title='bbox 976 1788 1214 1874; x_wconf 78' lang='lat' dir='ltr'><strong>descriptiones</strong></span> <span class='ocrx_word' id='word_1_132' title='bbox 1239 1788 1338 1872; x_wconf 82' lang='lat' dir='ltr'><strong>longe</strong></span> <span class='ocrx_word' id='word_1_133' title='bbox 1360 1806 1435 1853; x_wconf 91' lang='lat' dir='ltr'><strong>eum</strong></span> <span class='ocrx_word' id='word_1_134' title='bbox 1457 1808 1479 1853; x_wconf 89' lang='lat' dir='ltr'><strong>a</strong></span> 
     </span>
     <span class='ocr_line' id='line_1_18' title="bbox 213 1899 1478 1998; baseline -0.002 -27"><span class='ocrx_word' id='word_1_135' title='bbox 213 1905 375 1991; x_wconf 90' lang='lat' dir='ltr'><strong>prioribus</strong></span> <span class='ocrx_word' id='word_1_136' title='bbox 397 1911 575 1998; x_wconf 85' lang='lat' dir='ltr'><strong>removent.</strong></span> <span class='ocrx_word' id='word_1_137' title='bbox 619 1907 705 1972; x_wconf 90' lang='lat' dir='ltr'><strong>Raro</strong></span> <span class='ocrx_word' id='word_1_138' title='bbox 729 1912 856 1973; x_wconf 89' lang='lat' dir='ltr'><strong>tantum</strong></span> <span class='ocrx_word' id='word_1_139' title='bbox 877 1906 948 1973; x_wconf 85' lang='lat' dir='ltr'><strong>veri</strong></span> <span class='ocrx_word' id='word_1_140' title='bbox 969 1912 1002 1973; x_wconf 89' lang='lat' dir='ltr'><strong>et</strong></span> <span class='ocrx_word' id='word_1_141' title='bbox 1024 1906 1189 1973; x_wconf 86' lang='lat' dir='ltr'><strong>naturales</strong></span> <span class='ocrx_word' id='word_1_142' title='bbox 1212 1899 1327 1972; x_wconf 90' lang='lat' dir='ltr'><strong>sensus</strong></span> <span class='ocrx_word' id='word_1_143' title='bbox 1358 1904 1478 1987; x_wconf 83' lang='lat' dir='ltr'><strong>calent,</strong></span> 
     </span>
     <span class='ocr_line' id='line_1_19' title="bbox 213 2008 1343 2107; baseline -0.002 -17"><span class='ocrx_word' id='word_1_144' title='bbox 213 2024 304 2090; x_wconf 92' lang='lat' dir='ltr'><strong>utin</strong></span> <span class='ocrx_word' id='word_1_145' title='bbox 326 2023 385 2106; x_wconf 87' lang='lat'><strong>111,</strong></span> <span class='ocrx_word' id='word_1_146' title='bbox 407 2023 438 2107; x_wconf 83' lang='lat'><strong>9,</strong></span> <span class='ocrx_word' id='word_1_147' title='bbox 460 2023 515 2089; x_wconf 95' lang='lat' dir='ltr'><strong>ubi</strong></span> <span class='ocrx_word' id='word_1_148' title='bbox 535 2022 659 2090; x_wconf 85' lang='lat' dir='ltr'><strong>Tibulli</strong></span> <span class='ocrx_word' id='word_1_149' title='bbox 681 2030 818 2091; x_wconf 92' lang='lat' dir='ltr'><strong>mortem</strong></span> <span class='ocrx_word' id='word_1_150' title='bbox 834 2024 944 2091; x_wconf 89' lang='lat' dir='ltr'><strong>deflet.</strong></span> <span class='ocrx_word' id='word_1_151' title='bbox 1341 2008 1343 2011; x_wconf 33' lang='lat'><strong><em>¹</em></strong></span> 
     </span>
    </p>

    <p class='ocr_par' dir='ltr' id='par_1_7' title="bbox 214 2135 1479 2466">
     <span class='ocr_line' id='line_1_20' title="bbox 282 2135 1478 2225; baseline -0.004 -19"><span class='ocrx_word' id='word_1_152' title='bbox 282 2139 568 2224; x_wconf 75' lang='lat' dir='ltr'><strong>Conjunotionem</strong></span> <span class='ocrx_word' id='word_1_153' title='bbox 589 2159 667 2206; x_wconf 86' lang='lat' dir='ltr'><strong>vero</strong></span> <span class='ocrx_word' id='word_1_154' title='bbox 690 2140 872 2207; x_wconf 90' lang='lat' dir='ltr'><strong>animorum</strong></span> <span class='ocrx_word' id='word_1_155' title='bbox 893 2141 1034 2225; x_wconf 88' lang='lat' dir='ltr'><strong>beatam,</strong></span> <span class='ocrx_word' id='word_1_156' title='bbox 1062 2139 1154 2224; x_wconf 87' lang='lat' dir='ltr'><strong>eujus</strong></span> <span class='ocrx_word' id='word_1_157' title='bbox 1177 2158 1237 2223; x_wconf 90' lang='lat' dir='ltr'><strong>spe</strong></span> <span class='ocrx_word' id='word_1_158' title='bbox 1259 2144 1292 2205; x_wconf 91' lang='lat' dir='ltr'><strong>et</strong></span> <span class='ocrx_word' id='word_1_159' title='bbox 1312 2135 1478 2206; x_wconf 88' lang='lat' dir='ltr'><strong>desiderio</strong></span> 
     </span>
     <span class='ocr_line' id='line_1_21' title="bbox 214 2255 1479 2343; baseline -0.005 -19"><span class='ocrx_word' id='word_1_160' title='bbox 214 2263 248 2324; x_wconf 90' lang='lat' dir='ltr'><strong>et</strong></span> <span class='ocrx_word' id='word_1_161' title='bbox 270 2256 435 2324; x_wconf 84' lang='lat' dir='ltr'><strong>Tibullum</strong></span> <span class='ocrx_word' id='word_1_162' title='bbox 456 2264 489 2324; x_wconf 92' lang='lat' dir='ltr'><strong>et</strong></span> <span class='ocrx_word' id='word_1_163' title='bbox 509 2257 713 2343; x_wconf 88' lang='lat' dir='ltr'><strong>Propertium</strong></span> <span class='ocrx_word' id='word_1_164' title='bbox 735 2259 840 2325; x_wconf 89' lang='lat' dir='ltr'><strong>teneri</strong></span> <span class='ocrx_word' id='word_1_165' title='bbox 865 2264 1013 2343; x_wconf 87' lang='lat' dir='ltr'><strong>apparet,</strong></span> <span class='ocrx_word' id='word_1_166' title='bbox 1047 2257 1183 2326; x_wconf 85' lang='lat' dir='ltr'><strong>Ovidius</strong></span> <span class='ocrx_word' id='word_1_167' title='bbox 1211 2255 1246 2322; x_wconf 91' lang='lat' dir='ltr'><strong>in</strong></span> <span class='ocrx_word' id='word_1_168' title='bbox 1274 2275 1384 2322; x_wconf 91' lang='lat' dir='ltr'><strong>amore</strong></span> <span class='ocrx_word' id='word_1_169' title='bbox 1411 2274 1479 2320; x_wconf 93' lang='lat' dir='ltr'><strong>non</strong></span> 
     </span>
     <span class='ocr_line' id='line_1_22' title="bbox 214 2374 1403 2466; baseline -0.002 -24"><span class='ocrx_word' id='word_1_170' title='bbox 214 2374 391 2466; x_wconf 79' lang='lat' dir='ltr'><strong>quaesivit3</strong></span> <span class='ocrx_word' id='word_1_171' title='bbox 414 2375 510 2460; x_wconf 75' lang='lat' dir='ltr'><strong>«Meu,</strong></span> <span class='ocrx_word' id='word_1_172' title='bbox 532 2374 647 2460; x_wconf 92' lang='lat' dir='ltr'><strong>inquit,</strong></span> <span class='ocrx_word' id='word_1_173' title='bbox 670 2376 784 2442; x_wconf 85' lang='lat' dir='ltr'><strong>«modo</strong></span> <span class='ocrx_word' id='word_1_174' title='bbox 806 2375 975 2460; x_wconf 88' lang='lat' dir='ltr'><strong>decipiant</strong></span> <span class='ocrx_word' id='word_1_175' title='bbox 996 2396 1093 2442; x_wconf 85' lang='lat' dir='ltr'><strong>voces</strong></span> <span class='ocrx_word' id='word_1_176' title='bbox 1115 2376 1244 2443; x_wconf 80' lang='lat' dir='ltr'><strong>fallacis</strong></span> <span class='ocrx_word' id='word_1_177' title='bbox 1267 2375 1403 2459; x_wconf 87' lang='lat' dir='ltr'><strong>amicae,</strong></span> 
     </span>
    </p>

    <p class='ocr_par' dir='ltr' id='par_1_8' title="bbox 347 2491 1215 2695">
     <span class='ocr_line' id='line_1_23' title="bbox 414 2491 1175 2577; baseline 0 -19"><span class='ocrx_word' id='word_1_178' title='bbox 414 2491 585 2577; x_wconf 88' lang='lat' dir='ltr'><strong>Sperando</strong></span> <span class='ocrx_word' id='word_1_179' title='bbox 607 2498 695 2558; x_wconf 88' lang='lat' dir='ltr'><strong>certe</strong></span> <span class='ocrx_word' id='word_1_180' title='bbox 717 2492 842 2577; x_wconf 83' lang='lat' dir='ltr'><strong>gaudia</strong></span> <span class='ocrx_word' id='word_1_181' title='bbox 862 2512 985 2577; x_wconf 82' lang='lat' dir='ltr'><strong>magna</strong></span> <span class='ocrx_word' id='word_1_182' title='bbox 1007 2494 1125 2560; x_wconf 85' lang='lat' dir='ltr'><strong>feram:</strong></span> <span class='ocrx_word' id='word_1_183' title='bbox 1173 2492 1175 2496; x_wconf 63' lang='lat'><strong><em>‘</em></strong></span> 
     </span>
     <span class='ocr_line' id='line_1_24' title="bbox 347 2607 1215 2695; baseline 0.002 -21"><span class='ocrx_word' id='word_1_184' title='bbox 347 2608 389 2674; x_wconf 83' lang='lat' dir='ltr'><strong>llt</strong></span> <span class='ocrx_word' id='word_1_185' title='bbox 409 2608 506 2675; x_wconf 91' lang='lat' dir='ltr'><strong>modo</strong></span> <span class='ocrx_word' id='word_1_186' title='bbox 527 2607 707 2675; x_wconf 85' lang='lat' dir='ltr'><strong>blanditias</strong></span> <span class='ocrx_word' id='word_1_187' title='bbox 727 2608 826 2695; x_wconf 88' lang='lat' dir='ltr'><strong>dieat,</strong></span> <span class='ocrx_word' id='word_1_188' title='bbox 849 2609 945 2676; x_wconf 92' lang='lat' dir='ltr'><strong>modo</strong></span> <span class='ocrx_word' id='word_1_189' title='bbox 960 2609 1074 2695; x_wconf 83' lang='lat' dir='ltr'><strong>jurgia</strong></span> <span class='ocrx_word' id='word_1_190' title='bbox 1095 2615 1215 2695; x_wconf 85' lang='lat' dir='ltr'><strong>nectat,</strong></span> 
     </span>
    </p>
   </div>
   <div class='ocr_carea' id='block_1_5' title="bbox 214 2725 1325 2930">
    <p class='ocr_par' dir='ltr' id='par_1_9' title="bbox 214 2725 1325 2928">
     <span class='ocr_line' id='line_1_25' title="bbox 415 2725 1325 2812; baseline 0.003 -20"><span class='ocrx_word' id='word_1_191' title='bbox 415 2725 523 2811; x_wconf 86' lang='lat' dir='ltr'><strong>Saepe</strong></span> <span class='ocrx_word' id='word_1_192' title='bbox 544 2725 634 2793; x_wconf 83' lang='lat' dir='ltr'><strong>fruar</strong></span> <span class='ocrx_word' id='word_1_193' title='bbox 649 2727 799 2812; x_wconf 92' lang='lat' dir='ltr'><strong>domina,</strong></span> <span class='ocrx_word' id='word_1_194' title='bbox 822 2747 922 2812; x_wconf 86' lang='lat' dir='ltr'><strong>saepe</strong></span> <span class='ocrx_word' id='word_1_195' title='bbox 941 2728 1093 2812; x_wconf 78' lang='lat' dir='ltr'><strong>&#39;repulsus</strong></span> <span class='ocrx_word' id='word_1_196' title='bbox 1116 2747 1199 2795; x_wconf 90' lang='lat' dir='ltr'><strong>eam.</strong></span> <span class='ocrx_word' id='word_1_197' title='bbox 1321 2749 1325 2754; x_wconf 65' lang='grc'><strong>’</strong></span> 
     </span>
     <span class='ocr_line' id='line_1_26' title="bbox 214 2843 586 2930; baseline -0.008 -21"><span class='ocrx_word' id='word_1_198' title='bbox 214 2843 586 2930; x_wconf 72' lang='lat' dir='ltr'><strong>(Am‚11‚9,43-4e).</strong></span> 
     </span>
    </p>
   </div>
   <div class='ocr_carea' id='block_1_6' title="bbox 216 3077 1345 4692">
    <p class='ocr_par' dir='ltr' id='par_1_10' title="bbox 216 3077 1345 4692">
     <span class='ocr_line' id='line_1_27' title="bbox 216 3077 397 3160; baseline -0.006 -16"><span class='ocrx_word' id='word_1_199' title='bbox 216 3096 314 3160; x_wconf 94' lang='lat' dir='ltr'><strong>quum</strong></span> <span class='ocrx_word' id='word_1_200' title='bbox 335 3077 397 3143; x_wconf 88' lang='lat' dir='ltr'><strong>ait:</strong></span> 
     </span>
     <span class='ocr_line' id='line_1_28' title="bbox 342 3192 1245 3279; baseline 0 -21"><span class='ocrx_word' id='word_1_201' title='bbox 342 3194 428 3273; x_wconf 81' lang='lat' dir='ltr'><strong>Quid</strong></span> <span class='ocrx_word' id='word_1_202' title='bbox 450 3192 610 3278; x_wconf 82' lang='lat' dir='ltr'><strong>geminas,</strong></span> <span class='ocrx_word' id='word_1_203' title='bbox 629 3193 782 3279; x_wconf 83' lang='lat' dir='ltr'><strong>Erycina,</strong></span> <span class='ocrx_word' id='word_1_204' title='bbox 804 3213 893 3261; x_wconf 92' lang='lat' dir='ltr'><strong>meos</strong></span> <span class='ocrx_word' id='word_1_205' title='bbox 915 3194 988 3262; x_wconf 90' lang='lat' dir='ltr'><strong>sine</strong></span> <span class='ocrx_word' id='word_1_206' title='bbox 1009 3195 1074 3262; x_wconf 86' lang='lat' dir='ltr'><strong>fine</strong></span> <span class='ocrx_word' id='word_1_207' title='bbox 1094 3195 1245 3262; x_wconf 84' lang='lat' dir='ltr'><strong>dolores?</strong></span> 
     </span>
     <span class='ocr_line' id='line_1_29' title="bbox 413 3309 1100 3397; baseline -0.001 -21"><span class='ocrx_word' id='word_1_208' title='bbox 413 3311 490 3376; x_wconf 85' lang='lat' dir='ltr'><strong>Non</strong></span> <span class='ocrx_word' id='word_1_209' title='bbox 512 3309 613 3377; x_wconf 90' lang='lat' dir='ltr'><strong>erat</strong></span> <span class='ocrx_word' id='word_1_210' title='bbox 604 3330 638 3376; x_wconf 94' lang='lat' dir='ltr'><strong>m</strong></span> <span class='ocrx_word' id='word_1_211' title='bbox 661 3330 755 3378; x_wconf 89' lang='lat' dir='ltr'><strong>ouras</strong></span> <span class='ocrx_word' id='word_1_212' title='bbox 777 3331 843 3378; x_wconf 88' lang='lat' dir='ltr'><strong>una</strong></span> <span class='ocrx_word' id='word_1_213' title='bbox 863 3311 975 3397; x_wconf 88' lang='lat' dir='ltr'><strong>puella</strong></span> <span class='ocrx_word' id='word_1_214' title='bbox 996 3312 1100 3379; x_wconf 82' lang='lat' dir='ltr'><strong>satis?</strong></span> 
     </span>
     <span class='ocr_line' id='line_1_30' title="bbox 343 3418 1211 3520; baseline 0 -25"><span class='ocrx_word' id='word_1_215' title='bbox 343 3428 430 3507; x_wconf 81' lang='lat' dir='ltr'><strong>Quid</strong></span> <span class='ocrx_word' id='word_1_216' title='bbox 451 3427 533 3495; x_wconf 85' lang='lat' dir='ltr'><strong>lolia</strong></span> <span class='ocrx_word' id='word_1_217' title='bbox 553 3427 732 3510; x_wconf 90' lang='lat' dir='ltr'><strong>arboribus,</strong></span> <span class='ocrx_word' id='word_1_218' title='bbox 756 3418 835 3511; x_wconf 89' lang='lat' dir='ltr'><strong>quid</strong></span> <span class='ocrx_word' id='word_1_219' title='bbox 856 3430 954 3514; x_wconf 93' lang='lat' dir='ltr'><strong>pleno</strong></span> <span class='ocrx_word' id='word_1_220' title='bbox 976 3429 1086 3520; x_wconf 86' lang='lat' dir='ltr'><strong>sidera</strong></span> <span class='ocrx_word' id='word_1_221' title='bbox 1108 3429 1211 3514; x_wconf 91' lang='lat' dir='ltr'><strong>caelo,</strong></span> 
     </span>
     <span class='ocr_line' id='line_1_31' title="bbox 416 3544 1196 3638; baseline -0.003 -26"><span class='ocrx_word' id='word_1_222' title='bbox 416 3545 455 3612; x_wconf 90' lang='lat' dir='ltr'><strong>In</strong></span> <span class='ocrx_word' id='word_1_223' title='bbox 476 3545 562 3613; x_wconf 83' lang='lat' dir='ltr'><strong>freta</strong></span> <span class='ocrx_word' id='word_1_224' title='bbox 584 3544 739 3638; x_wconf 84' lang='lat' dir='ltr'><strong>collectas</strong></span> <span class='ocrx_word' id='word_1_225' title='bbox 762 3547 830 3614; x_wconf 89' lang='lat' dir='ltr'><strong>alta</strong></span> <span class='ocrx_word' id='word_1_226' title='bbox 851 3547 929 3630; x_wconf 91' lang='lat' dir='ltr'><strong>quid</strong></span> <span class='ocrx_word' id='word_1_227' title='bbox 952 3547 1048 3613; x_wconf 87' lang='lat' dir='ltr'><strong>addis</strong></span> <span class='ocrx_word' id='word_1_228' title='bbox 1071 3547 1196 3630; x_wconf 84' lang='lat' dir='ltr'><strong>aquas?</strong></span> 
     </span>
     <span class='ocr_line' id='line_1_32' title="bbox 340 3662 1345 3746; baseline -0.002 -18"><span class='ocrx_word' id='word_1_229' title='bbox 340 3662 408 3731; x_wconf 86' lang='lat' dir='ltr'><strong>Sed</strong></span> <span class='ocrx_word' id='word_1_230' title='bbox 430 3669 540 3730; x_wconf 92' lang='lat' dir='ltr'><strong>tamen</strong></span> <span class='ocrx_word' id='word_1_231' title='bbox 561 3663 625 3728; x_wconf 89' lang='lat' dir='ltr'><strong>hoo</strong></span> <span class='ocrx_word' id='word_1_232' title='bbox 646 3663 773 3746; x_wconf 88' lang='lat' dir='ltr'><strong>melius,</strong></span> <span class='ocrx_word' id='word_1_233' title='bbox 796 3683 893 3746; x_wconf 91' lang='lat' dir='ltr'><strong>quam</strong></span> <span class='ocrx_word' id='word_1_234' title='bbox 915 3663 944 3729; x_wconf 92' lang='lat' dir='ltr'><strong>si</strong></span> <span class='ocrx_word' id='word_1_235' title='bbox 966 3664 1038 3730; x_wconf 90' lang='lat' dir='ltr'><strong>sine</strong></span> <span class='ocrx_word' id='word_1_236' title='bbox 1060 3683 1171 3731; x_wconf 89' lang='lat' dir='ltr'><strong>amore</strong></span> <span class='ocrx_word' id='word_1_237' title='bbox 1189 3663 1345 3746; x_wconf 86' lang='lat' dir='ltr'><strong>jacerem.</strong></span> 
     </span>
     <span class='ocr_line' id='line_1_33' title="bbox 416 3779 1153 3873; baseline 0.007 -29"><span class='ocrx_word' id='word_1_238' title='bbox 416 3779 571 3872; x_wconf 88' lang='lat' dir='ltr'><strong>Hostibus</strong></span> <span class='ocrx_word' id='word_1_239' title='bbox 593 3780 725 3873; x_wconf 86' lang='lat' dir='ltr'><strong>eveniat</strong></span> <span class='ocrx_word' id='word_1_240' title='bbox 746 3779 831 3848; x_wconf 83' lang='lat' dir='ltr'><strong>vita</strong></span> <span class='ocrx_word' id='word_1_241' title='bbox 837 3800 953 3848; x_wconf 86' lang='lat' dir='ltr'><strong>severa</strong></span> <span class='ocrx_word' id='word_1_242' title='bbox 974 3782 1065 3848; x_wconf 88' lang='lat' dir='ltr'><strong>meis.</strong></span> <span class='ocrx_word' id='word_1_243' title='bbox 1147 3805 1153 3815; x_wconf 66' lang='lat'><strong><em>¹</em></strong></span> 
     </span>
     <span class='ocr_line' id='line_1_34' title="bbox 343 3867 1073 3995; baseline 0.004 -34"><span class='ocrx_word' id='word_1_244' title='bbox 343 3868 498 3995; x_wconf 89' lang='lat' dir='ltr'><strong>Hostibus</strong></span> <span class='ocrx_word' id='word_1_245' title='bbox 521 3896 653 3963; x_wconf 85' lang='lat' dir='ltr'><strong>eveniat</strong></span> <span class='ocrx_word' id='word_1_246' title='bbox 675 3867 774 3964; x_wconf 84' lang='lat' dir='ltr'><strong>viduo</strong></span> <span class='ocrx_word' id='word_1_247' title='bbox 798 3897 940 3965; x_wconf 88' lang='lat' dir='ltr'><strong>dormire</strong></span> <span class='ocrx_word' id='word_1_248' title='bbox 964 3898 1073 3984; x_wconf 89' lang='lat' dir='ltr'><strong>cubili,</strong></span> 
     </span>
     <span class='ocr_line' id='line_1_35' title="bbox 416 4012 1101 4100; baseline 0.007 -21"><span class='ocrx_word' id='word_1_249' title='bbox 416 4014 459 4079; x_wconf 82' lang='lat' dir='ltr'><strong>Ilt</strong></span> <span class='ocrx_word' id='word_1_250' title='bbox 479 4012 588 4080; x_wconf 91' lang='lat' dir='ltr'><strong>medio</strong></span> <span class='ocrx_word' id='word_1_251' title='bbox 610 4013 687 4081; x_wconf 89' lang='lat' dir='ltr'><strong>laxe</strong></span> <span class='ocrx_word' id='word_1_252' title='bbox 709 4035 832 4100; x_wconf 88' lang='lat' dir='ltr'><strong>ponere</strong></span> <span class='ocrx_word' id='word_1_253' title='bbox 854 4018 999 4084; x_wconf 89' lang='lat' dir='ltr'><strong>membra</strong></span> <span class='ocrx_word' id='word_1_254' title='bbox 1020 4023 1101 4084; x_wconf 90' lang='lat' dir='ltr'><strong>toro.</strong></span> 
     </span>
     <span class='ocr_line' id='line_1_36' title="bbox 305 4130 1242 4227; baseline 0.007 -31"><span class='ocrx_word' id='word_1_255' title='bbox 305 4132 307 4137; x_wconf 83' lang='grc'><strong>’</strong></span> <span class='ocrx_word' id='word_1_256' title='bbox 343 4132 387 4197; x_wconf 85' lang='lat' dir='ltr'><strong>At</strong></span> <span class='ocrx_word' id='word_1_257' title='bbox 408 4130 488 4199; x_wconf 86' lang='lat' dir='ltr'><strong>milri</strong></span> <span class='ocrx_word' id='word_1_258' title='bbox 510 4150 628 4198; x_wconf 85' lang='lat' dir='ltr'><strong>saevus</strong></span> <span class='ocrx_word' id='word_1_259' title='bbox 650 4152 742 4199; x_wconf 90' lang='lat' dir='ltr'><strong>amor</strong></span> <span class='ocrx_word' id='word_1_260' title='bbox 763 4152 894 4201; x_wconf 87' lang='lat' dir='ltr'><strong>somnos</strong></span> <span class='ocrx_word' id='word_1_261' title='bbox 917 4137 1089 4220; x_wconf 90' lang='lat' dir='ltr'><strong>abrumpat</strong></span> <span class='ocrx_word' id='word_1_262' title='bbox 1110 4136 1242 4227; x_wconf 87' lang='lat' dir='ltr'><strong>inertes,</strong></span> 
     </span>
     <span class='ocr_line' id='line_1_37' title="bbox 419 4247 1132 4336; baseline 0.008 -22"><span class='ocrx_word' id='word_1_263' title='bbox 419 4248 551 4331; x_wconf 89' lang='lat' dir='ltr'><strong>Simque</strong></span> <span class='ocrx_word' id='word_1_264' title='bbox 573 4247 639 4315; x_wconf 92' lang='lat' dir='ltr'><strong>mei</strong></span> <span class='ocrx_word' id='word_1_265' title='bbox 659 4249 737 4316; x_wconf 87' lang='lat' dir='ltr'><strong>lecti</strong></span> <span class='ocrx_word' id='word_1_266' title='bbox 759 4272 824 4318; x_wconf 94' lang='lat' dir='ltr'><strong>non</strong></span> <span class='ocrx_word' id='word_1_267' title='bbox 846 4273 909 4336; x_wconf 83' lang='lat' dir='ltr'><strong>ego</strong></span> <span class='ocrx_word' id='word_1_268' title='bbox 931 4252 1020 4320; x_wconf 88' lang='lat' dir='ltr'><strong>solus</strong></span> <span class='ocrx_word' id='word_1_269' title='bbox 1043 4273 1132 4320; x_wconf 90' lang='lat' dir='ltr'><strong>onus.</strong></span> 
     </span>
     <span class='ocr_line' id='line_1_38' title="bbox 346 4349 1155 4457; baseline 0.009 -26"><span class='ocrx_word' id='word_1_270' title='bbox 346 4349 399 4432; x_wconf 80' lang='lat' dir='ltr'><strong>bie</strong></span> <span class='ocrx_word' id='word_1_271' title='bbox 420 4377 494 4434; x_wconf 91' lang='lat' dir='ltr'><strong>mea</strong></span> <span class='ocrx_word' id='word_1_272' title='bbox 514 4365 686 4451; x_wconf 87' lang='lat' dir='ltr'><strong>disperdat</strong></span> <span class='ocrx_word' id='word_1_273' title='bbox 707 4367 797 4434; x_wconf 88' lang='lat' dir='ltr'><strong>nullo</strong></span> <span class='ocrx_word' id='word_1_274' title='bbox 819 4365 1012 4454; x_wconf 81' lang='lat' dir='ltr'><strong>probibente</strong></span> <span class='ocrx_word' id='word_1_275' title='bbox 1034 4372 1155 4457; x_wconf 90' lang='lat' dir='ltr'><strong>puella,</strong></span> 
     </span>
     <span class='ocr_line' id='line_1_39' title="bbox 420 4482 1175 4584; baseline 0.011 -35"><span class='ocrx_word' id='word_1_276' title='bbox 420 4482 456 4549; x_wconf 91' lang='lat' dir='ltr'><strong>Si</strong></span> <span class='ocrx_word' id='word_1_277' title='bbox 476 4483 558 4551; x_wconf 90' lang='lat' dir='ltr'><strong>satis</strong></span> <span class='ocrx_word' id='word_1_278' title='bbox 579 4504 646 4551; x_wconf 89' lang='lat' dir='ltr'><strong>una</strong></span> <span class='ocrx_word' id='word_1_279' title='bbox 666 4492 785 4571; x_wconf 88' lang='lat' dir='ltr'><strong>potest,</strong></span> <span class='ocrx_word' id='word_1_280' title='bbox 804 4486 834 4584; x_wconf 91' lang='lat' dir='ltr'><strong>si</strong></span> <span class='ocrx_word' id='word_1_281' title='bbox 855 4487 962 4555; x_wconf 91' lang='lat' dir='ltr'><strong>miuus</strong></span> <span class='ocrx_word' id='word_1_282' title='bbox 982 4508 1059 4574; x_wconf 90' lang='lat' dir='ltr'><strong>una,</strong></span> <span class='ocrx_word' id='word_1_283' title='bbox 1081 4489 1175 4557; x_wconf 86' lang='lat' dir='ltr'><strong>duae.</strong></span> 
     </span>
     <span class='ocr_line' id='line_1_40' title="bbox 221 4601 1295 4692; baseline 0.007 -26"><span class='ocrx_word' id='word_1_284' title='bbox 221 4601 278 4688; x_wconf 87' lang='lat'><strong>(11,</strong></span> <span class='ocrx_word' id='word_1_285' title='bbox 301 4601 351 4686; x_wconf 87' lang='lat'><strong>10,</strong></span> <span class='ocrx_word' id='word_1_286' title='bbox 375 4601 523 4688; x_wconf 77' lang='lat'><strong>11-22),</strong></span> <span class='ocrx_word' id='word_1_287' title='bbox 548 4608 581 4670; x_wconf 88' lang='lat' dir='ltr'><strong>et</strong></span> <span class='ocrx_word' id='word_1_288' title='bbox 603 4603 704 4670; x_wconf 90' lang='lat' dir='ltr'><strong>multo</strong></span> <span class='ocrx_word' id='word_1_289' title='bbox 726 4610 802 4672; x_wconf 90' lang='lat' dir='ltr'><strong>sunt</strong></span> <span class='ocrx_word' id='word_1_290' title='bbox 823 4604 981 4692; x_wconf 85' lang='lat' dir='ltr'><strong>foediora,</strong></span> <span class='ocrx_word' id='word_1_291' title='bbox 1004 4625 1088 4690; x_wconf 90' lang='lat' dir='ltr'><strong>quae</strong></span> <span class='ocrx_word' id='word_1_292' title='bbox 1109 4614 1295 4691; x_wconf 86' lang='lat' dir='ltr'><strong>sequnntur.</strong></span> 
     </span>
    </p>
   </div>
   <div class='ocr_carea' id='block_1_7' title="bbox 0 0 1630 5250">
    <p class='ocr_par' dir='ltr' id='par_1_11' title="bbox 0 0 1630 5250">
     <span class='ocr_line' id='line_1_41' title="bbox 0 0 1630 5250; baseline 0 0"><span class='ocrx_word' id='word_1_293' title='bbox 0 0 1630 5250; x_wconf 95' lang='lat' dir='ltr'><strong> </strong></span> 
     </span>
    </p>
   </div>
  </div>
 </body>
</html>
