3232 5250
780 310 803 374 4
824 300 828 312 .

160 489 301 555 modulis
322 489 477 573 contraril
498 472 626 568 α’λύροι
647 460 804 571 vd'c‘an'tur
828 469 1238 575 (Eurip.lph.Taur.146;
1260 489 1427 573 Hel.185;

157 605 290 690 Didym.
314 605 357 671 ad
379 607 400 671 l.
424 625 450 672 o.
472 606 719 690 Aristophanis:
749 599 803 672 du
826 607 940 690 ἔλεγοι
961 610 995 673 οἱ
1015 599 1101 688 πρὸς
1122 597 1237 673 αὐλὸν
1259 594 1428 694 ᾀδόμενοι

113 762 119 772 ·
155 725 295 805 θρῆνοι·
315 715 377 825 adv
392 714 465 808 γοὶρ
483 712 597 788 αὐλὸν
613 724 783 807 πένθιμον
804 719 1029 808 ὑπειλῆφθαι
1052 727 1108 792 ofr.
1125 725 1302 792 Christium
1324 725 1366 791 de
1388 744 1427 790 re

157 839 292 906 metrica
314 818 511 907 Graecorum
534 843 806 920 etRomanorum
825 864 856 926 p.
868 844 954 928 230).
999 843 1095 928 Elegi
1117 845 1309 909 vocabulum
1324 862 1426 926 quum

156 977 261 1041 neque
287 958 328 1024 ab
350 978 388 1024 eo
410 957 497 1042 quod
520 964 569 1024 est
591 949 747 1043 εὕλεγειν
767 979 873 1044 neque
895 960 937 1024 ab
958 958 1091 1043 ἔλεγειν
1113 982 1132 1028 ο
1153 961 1281 1044 legibus
1303 979 1426 1026 sermo·

33 1122 39 1133 .
114 1110 125 1145 4
156 1075 208 1140 nis
235 1075 306 1141 fieri
335 1076 439 1159 possit
466 1074 531 1141 nisi
552 1067 711 1161 εὔλογος,
726 1075 863 1161 d‘loyoc,
892 1076 950 1141 alii
971 1096 1037 1142 non
1060 1100 1081 1143 a
1102 1077 1227 1143 Graeco
1255 1077 1346 1142 sonte
1368 1076 1427 1143 de-

156 1192 295 1257 rivatum
318 1211 390 1259 esse
412 1193 619 1277 arbitrantur,
643 1193 712 1279 alii,
733 1200 769 1259 ut
798 1194 879 1259 mihi
900 1193 1061 1278 videntur,
1085 1194 1167 1260 satis
1188 1193 1425 1278 verisimiliter,

96 1298 97 1302 ¹
156 1310 199 1375 ab
220 1309 459 1386 exclamatione
487 1310 628 1393 quadam
650 1311 833 1394 lugentium
854 1307 871 1376 ’ἐ
892 1312 983 1396 λέγε,
1005 1305 1114 1395 ilipa
1129 1309 1147 1375 d
1157 1310 1316 1394 originem
1335 1317 1425 1377 bax-

156 1403 391 1511 issestatuunt,
415 1427 544 1493 collatis
564 1427 640 1492 aliis
663 1427 843 1517 carminum
864 1426 1060 1511 nominibus,
1084 1427 1196 1511 qualia
1216 1416 1424 1509 sunt'Idssa-

156 1567 252 1625 κχος,
275 1532 480 1626 'Ianuarium
501 1522 811 1628 AlhzroeilPlctius
823 1545 882 1628 III,
894 1545 936 1609 43
949 1544 1130 1628 elegiacum
1145 1550 1282 1611 metrum
1298 1543 1425 1609 dietum

101 1703 103 1708 -
156 1665 215 1744 est,
238 1662 325 1744 quod
346 1682 364 1728 e
387 1681 406 1727 e
427 1668 523 1727 sonat
549 1661 810 1745 interjectionem
831 1646 956 1746 dentis,
990 1669 1023 1728 et
1054 1638 1116 1729 hdo
1149 1668 1252 1728 metro
1285 1660 1424 1727 mortuis

154 1776 249 1843 fletus
273 1778 511 1862 componebant
533 1779 682 1862 antiqui).
727 1778 984 1846 Usitatissimum
1003 1799 1081 1847 vero
1104 1771 1219 1846 horum
1240 1777 1423 1844 carminum

154 1914 274 1960 nomen
296 1885 340 1958 ui
366 1893 500 1980 ἐλεγεῖα
522 1913 595 1960 esse
611 1915 708 1978 quum
719 1895 791 1979 jam
813 1895 961 1980 dixerim,
986 1887 1024 1961 τὸ
1045 1896 1198 1980 ἐλεγεῖον
1214 1901 1321 1962 autem
1338 1914 1423 1962 sem-

53 2041 78 2058 =
155 2030 215 2093 per
236 2010 304 2088 sere
327 2009 491 2077 distichon
513 2032 531 2078 e
553 2011 701 2078 versibus
729 2011 901 2096 dactylicis
925 2012 1115 2078 hexametro
1149 2018 1182 2078 et
1215 2016 1422 2096 pentametro

55 2126 57 2130 ’
93 2209 95 2212 y
155 2127 370 2211 compositum
392 2115 565 2214 significet,
587 2135 623 2194 ut
643 2129 679 2193 in
699 2128 762 2194 hoc
783 2129 915 2204 nomine
934 2149 999 2195 non
1024 2114 1132 2196 minus
1153 2149 1250 2213 quam
1276 2129 1311 2194 in
1340 2129 1422 2195 iam-

154 2244 268 2310 borum
295 2246 453 2313 vocabulo
482 2266 633 2312 versuum
661 2245 803 2311 maxime
837 2267 941 2329 genus
974 2253 1154 2313 statuamus
1183 2252 1311 2328 secutos
1345 2265 1422 2312 esse

156 2361 310 2446 Graecos,
344 2362 441 2428 facile
469 2362 671 2428 adducimur.
715 2361 937 2429 Subtilissimo
960 2370 1068 2430 autem
1080 2362 1208 2457 judicio
1231 2362 1425 2448 gentem'il-

154 2478 221 2545 lam
241 2478 360 2557 eximio
381 2479 509 2563 pulchri
531 2498 630 2545 sensu
651 2475 847 2564 praeditam,
868 2501 952 2566 quae
975 2486 1168 2566 argumenta
1189 2478 1304 2561 quibus
1319 2478 1422 2545 versi-

153 2597 214 2662 bus
236 2602 316 2681 apta
338 2602 459 2680 essent,
481 2597 689 2681 perspexisse
711 2605 981 2683 perspectamque
1010 2600 1126 2666 harum
1147 2617 1255 2664 rerum
1275 2595 1362 2662 inter
1383 2615 1423 2662 se

154 2713 314 2779 rationem
337 2713 460 2796 optime
482 2732 630 2782 servasse
653 2715 724 2799 quis
747 2715 900 2801 ignorat?
1053 2786 1055 2791 ,

84 2809 87 2812 ⁴
238 2831 280 2896 Et
303 2831 427 2917 elegias
449 2831 581 2915 quidem
603 2855 686 2917 quae
708 2841 785 2902 eta
806 2833 968 2919 principio
990 2852 1119 2916 semper
1138 2838 1170 2899 et
1185 2830 1422 2916 posterioribus

154 2946 282 3032 quoque
303 2948 503 3033 temporibus
520 2948 687 3016 interdum
711 2951 873 3034 cantatae,
899 2969 965 3016 non
986 2949 1143 3015 recitatae
1174 2966 1246 3013 esse
1267 2945 1422 3012 videntur

155 3065 225 3148 (cfr.
248 3064 367 3144 Christ.
389 3065 410 3130 l.
435 3085 461 3130 o.
484 3085 515 3149 p.
538 3066 625 3150 231),
660 3067 855 3150 quamquam
885 3068 981 3152 plura
1011 3085 1122 3144 earum
1150 3084 1273 3147 genera
1305 3061 1423 3129 distin-

109 3231 110 3236 η
154 3189 305 3267 guantur,
326 3181 416 3248 velut
436 3181 615 3266 politicum,
637 3184 800 3268 bellicum,
824 3182 1017 3266 conviviale,
1043 3183 1190 3266 lugubre,
1214 3179 1420 3264 amatorium,

155 3320 260 3384 neque
281 3299 403 3365 multae
425 3300 575 3383 integrae
602 3307 737 3380 restant,
765 3302 842 3366 dum
866 3301 981 3384 vigent
1009 3300 1140 3366 litterae
1163 3297 1318 3381 Graecae,
1351 3316 1420 3361 non

153 3436 305 3501 versuum
326 3415 423 3481 modo
445 3432 567 3499 genere
588 3418 749 3509 contineri
769 3418 935 3502 videmus;
967 3418 1110 3484 medium
1143 3416 1230 3483 enim
1253 3413 1419 3513 quoddam

145 3536 204 3597 ‘est
226 3551 329 3616 genus
352 3532 437 3598 inter
458 3533 587 3617 epicum
608 3541 641 3600 et
662 3536 816 3620 lyricum;
845 3557 922 3601 nam
949 3541 1048 3619 poeta
1074 3539 1152 3599 uta
1179 3531 1420 3616 tranquillitate

153 3652 187 3714 et
208 3647 386 3714 serenitate
409 3647 573 3732 epicorum
593 3657 736 3717 remotus
759 3658 818 3736 est,
839 3652 887 3717 ita
900 3651 1003 3718 libero
1021 3649 1195 3734 lyricorum
1211 3648 1335 3732 impetu
1350 3668 1419 3713 non

152 3763 269 3849 fertur;
291 3765 501 3831 commotiore
524 3772 633 3833 autem
654 3769 764 3834 animo
787 3787 901 3834 sensus
923 3786 999 3834 suos
1020 3767 1119 3832 latius
1145 3765 1317 3849 expromit,
1345 3763 1419 3830 sive

116 3906 118 3909 ·
153 3881 209 3948 ille
237 3882 272 3946 in
299 3881 443 3948 externis
465 3881 644 3951 internisve
666 3886 820 3969 perieulis
848 3885 936 3951 cives
962 3885 1110 3950 hortatur
1132 3887 1316 3965 monetque,
1345 3880 1419 3947 sive

152 4000 303 4083 lugentes
325 3998 399 4082 ipse
421 3999 533 4067 dolore
555 4001 696 4068 afflictus
719 4001 806 4068 dulci
828 3998 1014 4067 consolatur
1031 3996 1185 4081 carmine,
1207 3996 1278 4068 sive
1292 3995 1417 4080 gaudio

153 4116 353 4183 exhilaratus
381 4118 565 4184 convivium
593 4125 688 4204 grato
716 4120 880 4187 Musarum
910 4136 1043 4183 munere
1077 4119 1223 4207 exornat.
1278 4112 1419 4179 Videtur

152 4233 251 4301 etiam
272 4233 421 4316 elegiaca
442 4236 562 4320 poesis,
585 4236 614 4301 si
635 4235 806 4324 historiam
819 4235 1030 4318 ordinemque
1045 4231 1246 4297 diversorum
1258 4247 1418 4313 generum

152 4362 346 4442 spectamus,
370 4353 412 4418 ab
435 4353 529 4437 epica
550 4352 700 4437 proxima
722 4372 806 4437 esse,
827 4373 848 4419 a
870 4353 961 4437 cujus
982 4352 1087 4417 forma
1109 4346 1272 4414 distichon
1293 4344 1417 4429 elegia·

152 4494 224 4541 cum
246 4495 311 4541 non
332 4470 397 4556 nisi
418 4470 564 4538 thesibus
587 4470 685 4537 tertia
705 4469 883 4552 ultimaque
905 4469 940 4534 in
962 4468 1064 4535 altero
1087 4484 1214 4549 quoque
1235 4461 1431 4534 versusub,

150 4589 227 4658 latis
249 4590 400 4671 discedit,
424 4595 559 4673 ortaque
578 4594 612 4654 et
633 4588 708 4672 ipsa
732 4593 782 4654 est
803 4606 842 4653 ao
868 4581 1012 4654 maxime
1038 4583 1170 4653 exculta
1196 4578 1285 4667 apud
1305 4580 1415 4647 Iones.
